2724 4650
674 291 692 342 7

136 448 379 544 Alexandrinus,
409 458 569 527 Strumata
595 461 638 526 Vl
662 464 680 525 3
702 479 732 542 p.
749 464 809 525 755
832 461 917 526 Pott.
944 458 1078 526 eundem
1110 459 1143 524 in
1176 477 1234 527 suo

134 569 238 636 codice
262 569 392 635 invenit.
447 571 561 654 Itaque
582 572 720 637 Thomas
748 569 1003 636 Aldobrandinus
1024 568 1232 652 significatam

133 697 203 744 esse
214 677 443 760 expeditionem
465 698 534 745 eam
556 678 697 760 credidit,
720 696 816 760 quam
830 676 931 761 Cyrus
953 680 986 743 i‘n
1000 677 1135 760 Lydiam
1147 677 1230 758 fecit,

132 786 188 853 sed
210 789 274 852 iam
297 787 349 851 alii
372 786 519 852 viderunt
539 787 645 870 inepte
666 787 711 854 sic
735 786 900 853 Platonem
921 786 1140 871 Athenienses,
1171 804 1233 867 quo

133 900 275 977 tempore
296 913 386 962 nemo
409 894 551 962 Graecus
580 897 699 963 bellum
721 895 885 963 Persicum
907 896 1084 976 metuebat,
1114 895 1147 961 id
1165 895 1232 961 hel-

131 1005 199 1070 lum
220 1006 369 1072 timentes
390 1005 550 1071 facturum
574 1005 679 1072 fuisse.
726 1005 792 1070 Nec
819 1004 923 1070 minus
955 1009 1088 1086 apparet
1115 1003 1230 1071 falsum

133 1132 205 1181 esse
226 1114 338 1180 tritum
367 1112 446 1179 illud
473 1115 644 1195 aliquando
677 1112 845 1180 artificium
866 1134 886 1180 a
908 1113 1114 1196 Doduelli01)
1145 1113 1234 1180 adhi-

132 1222 242 1303 bitum,
266 1224 317 1305 qui
341 1223 403 1287 duo
423 1223 624 1305 Epimenides
646 1224 745 1291 fuisse
765 1223 875 1305 credit,
897 1226 1069 1303 utrumque
1093 1221 1228 1303 Cretem,

135 1331 271 1398 alterum
287 1332 475 1414 magistrum
486 1329 697 1414 Pythagorae,
722 1330 859 1398 alterum
879 1329 1077 1413 discipulum.
1107 1329 1234 1394 Primus

133 1438 295 1506 Bentleius
308 1439 335 1522 2)
355 1459 448 1522 quem
471 1440 614 1520 sequitur
634 1439 926 1523 Hemsterhusius³)
948 1444 981 1505 et
1002 1437 1234 1519 Barlhdlemyl

134 1553 195 1613 526
208 1550 349 1616 concedit
359 1548 523 1616 Platonem
536 1548 595 1615 hoc
608 1548 676 1616 loco
692 1549 724 1615 in
734 1555 912 1631 temporum
926 1548 1048 1615 ratione
1065 1548 1228 1614 erravisse.

132 1659 210 1725 Post
232 1675 326 1740 quem
349 1659 403 1738 qui
434 1657 602 1724 novissime
623 1657 662 1724 de
683 1642 742 1724 hac
764 1677 799 1724 re
821 1658 886 1739 egit
905 1658 1041 1739 Zeller4)
1066 1663 1151 1724 recte
1177 1675 1230 1722 ex·

131 1768 228 1850 ponit,
251 1767 422 1833 secundum
443 1767 584 1850 Platonis
607 1767 702 1832 verba
730 1770 875 1833 nostrum
896 1766 1114 1849 Epimenidem
1145 1784 1227 1832 anno
1248 1762 1267 1828 ss

133 1896 161 1942 a.
174 1876 326 1942 unaco
349 1876 491 1943 Athenas
513 1877 649 1961 venisse,
676 1876 843 1942 Platonem
865 1881 973 1942 autem
995 1876 1035 1941 ah
1064 1893 1115 1956 eo,
1149 1877 1233 1958 quod
1309 1956 1310 1959 Ἴ

130 1986 197 2066 ipse
216 2003 326 2050 verum
354 2001 423 2049 esse
449 1984 649 2066 iudicaverit,
677 2003 740 2050 non
772 1985 913 2066 potuisse
940 2002 1011 2050 eam
1038 1985 1078 2050 ob
1099 2002 1228 2050 causam

133 2093 279 2159 recedere
301 2097 337 2158 ut
360 2092 503 2173 dialogus
524 2093 676 2159 maiorem
695 2092 760 2158 veri
782 2092 915 2183 speciem
947 2093 1111 2176 acciperet.
1142 2092 1231 2159 Idem

132 2223 152 2268 a
180 2219 254 2266 vero
289 2202 354 2284 ipse
393 2201 520 2269 aberrat
553 2220 624 2268 cum
658 2201 748 2282 dicit,
789 2202 954 2267 Platonem
985 2201 1230 2269 eruditissimum

130 2311 356 2378 Atheniensem
377 2313 498 2379 nescire
519 2331 583 2378 non
602 2312 752 2397 potuisse,
774 2311 991 2394 Epimenidem
1014 2317 1090 2378 ante
1111 2313 1233 2393 legesa

130 2420 621 2502 Solonelatashthenasvenisse,
637 2422 824 2503 dubitatque
834 2420 1048 2502 anPhilippus
1063 2421 1232 2505 Opuntius,

127 2530 184 2610 qui
206 2529 277 2595 illos
299 2529 396 2595 libros
412 2535 484 2611 post
494 2531 635 2596 Platonis
649 2536 783 2596 mortem
798 2529 906 2608 edidit,
930 2529 969 2594 de
991 2548 1048 2595 suo
1073 2529 1231 2596 addiderit
1282 2530 1284 2534 ’

132 2639 215 2705 hanc
236 2638 386 2716 fabulam,
412 2640 616 2723 compositam
636 2641 723 2706 illam
736 2640 777 2706 ad
798 2641 961 2721 exemplar
978 2640 1055 2719 eius,
1080 2638 1232 2721 quamde

131 2747 272 2812 Diotima
306 2745 452 2814 Socrates
485 2749 517 2813 in
547 2746 693 2814 Convivia
725 2768 756 2831 p.
770 2751 829 2812 201
842 2748 881 2813 D.
915 2753 1034 2814 narrat.
1088 2747 1230 2814 Primum

132 2856 214 2921 enim
234 2874 296 2922 non
319 2857 504 2941 considerat,
526 2876 622 2939 quarn
644 2858 748 2939 ignari
767 2857 891 2925 omnino
906 2863 1084 2941 temporum
1097 2842 1229 2926 rationis

131 2965 301 3031 doctissimi
326 2970 468 3031 veterum
496 2967 666 3048 scriptores
688 2966 806 3032 fuerint
830 2969 864 3031 et
890 2983 985 3047 quarn
1008 2986 1080 3033 raro
1102 2968 1228 3048 Epime-

130 3075 218 3140 nidos
228 3074 283 3170 illo
296 3079 439 3157 tempore
449 3076 638 3142 nominetur.
661 3076 781 3142 Deinde
790 3095 852 3142 non
873 3076 963 3143 video
982 3077 1226 3160 curaPhilippo
1347 3104 1351 3112 ·

132 3200 228 3264 quam
251 3202 270 3248 a
292 3181 425 3249 Platone
446 3183 585 3251 fabulam
607 3185 770 3250 inventam
791 3203 860 3252 esse
874 3185 973 3252 malit.
1005 3185 1102 3254 Nobis
1119 3189 1241 3268 postea-

134 3374 330 3384 ——--—

232 3504 259 3572 1)
278 3502 363 3556 Henr.
399 3497 538 3561 Dodwall,
565 3497 600 3552 de
624 3496 766 3552 veteribus
792 3495 961 3553 Graecorum
990 3498 1232 3569 Romanorumque

128 3599 222 3670 cyclis.
241 3599 340 3654 Oxonii
362 3597 439 3652 1701.
457 3615 484 3666 p.
494 3593 645 3650 147-148.
825 3667 829 3673 ι

228 3697 256 3767 2)
274 3696 307 3750 R,
325 3694 434 3749 Bentlai
456 3691 602 3762 responsio
621 3689 657 3745 ad
675 3689 705 3746 G.
718 3689 805 3761 Boyle
823 3691 859 3748 de
876 3696 968 3748 aetate
986 3692 1169 3762 Pythagorae.
1187 3692 1231 3747 ad.

132 3790 256 3859 Lennep.
273 3807 301 3859 p.
320 3790 434 3844 al-aa.

231 3886 259 3957 3)
277 3886 313 3940 ad
330 3883 450 3940 Luciani
467 3883 611 3939 Timonem
629 3899 689 3952 cap.
708 3884 734 3937 6.

232 3981 260 4051 4)
279 3981 311 4036 E.
331 3981 429 4045 Zellar,
453 3979 546 4035 Ucber
564 3978 802 4035 Anachronisman
829 3980 859 4034 in
881 3980 936 4036 den
960 3977 1157 4034 Platonischen
1174 3977 1230 4032 Ge-

132 4077 276 4148 sprachen.
309 4076 533 4146 Abhandlungen
557 4076 608 4130 der
629 4075 734 4148 konigl.
764 4074 852 4131 Anao.
881 4075 930 4133 dar
958 4075 1039 4148 wne.
1062 4093 1097 4135 zu
1124 4073 1229 4136 Berlin.

129 4174 229 4246 Julrrg.
251 4174 328 4230 1873.
346 4192 374 4245 p.
388 4173 504 4230 95-99.
