2724 4650
713 327 749 382 26
764 410 765 414 ,

187 498 361 564 laesissent.
405 496 560 562 Nimirum
583 497 636 578 qui
654 498 761 579 legum
784 497 924 577 iurisque
946 495 1108 563 scientiam
1132 495 1193 562 sibi
1212 513 1304 578 pro->

186 607 289 694 priam
311 625 381 673 esse
401 607 642 687 contenderant,
672 605 812 687 partium
841 605 947 672 studio
968 606 1086 671 irritati
1108 605 1285 672 insanabile

186 714 304 782 crimen
321 716 353 779 in
373 733 407 782 se
428 717 660 795 commiserant,
689 733 753 795 qua
773 733 868 780 causa
889 715 948 796 ipsi
969 720 1002 781 et
1022 714 1141 796 posteri
1162 712 1285 797 ἐναγεῖς

187 829 220 891 et
240 813 401 910 ἀλιτήριοι
426 826 484 912 τῆς
510 824 595 888 θεοῦ
624 823 664 888 ab
697 821 942 887 Atheniensibus
973 823 1177 888 vocabantur.
1218 821 1285 888 Nec

187 934 288 1000 solum
309 933 368 1016 ipsi
389 953 409 998 a
430 933 549 999 civibus
571 952 588 996 e
609 933 715 1015 patria
726 932 847 1013 expulsi
858 937 933 997 sunt
944 931 999 997 sed
1011 933 1106 997 etiam
1115 929 1284 997 Clisthenis

186 1046 220 1109 et
239 1041 369 1108 Periclis
393 1041 585 1126 temporibus
605 1041 845 1108 Lacedaemonii
876 1060 976 1125 genus
989 1059 1108 1134 eorum
1139 1060 1178 1106 ex
1205 1039 1284 1107 urbe

186 1151 243 1218 eici
264 1151 464 1233 iusserunt1).
487 1151 534 1215 Eo
554 1152 586 1215 in
608 1150 745 1232 periculo
764 1169 834 1216 cum
858 1151 969 1216 civitas
986 1150 1087 1215 omnis
1102 1150 1283 1216 etmaxime

185 1260 355 1341 optimates
377 1264 580 1326 versarentur
597 1259 742 1326 Solonem
764 1260 921 1326 exstitisse
933 1264 1072 1326 testatur
1082 1259 1282 1339 Plutarchus,

185 1375 218 1434 et
238 1370 470 1436 Alcmaeonidis
498 1370 692 1452 persuasisse
714 1375 751 1436 ut
770 1374 986 1435 trecentorum
1006 1370 1146 1435 virorum
1169 1369 1283 1436 iudicio

68 1529 70 1532 Α
185 1480 364 1546 obedientes
385 1484 501 1546 essent.
539 1479 588 1544 Ab
610 1479 671 1544 illis
693 1483 800 1544 autem
823 1497 840 1542 e
861 1479 966 1560 patria
983 1479 1105 1561 expulsi
1127 1481 1212 1560 sunt,
1235 1482 1283 1545 at·

185 1607 247 1671 qne
268 1589 363 1656 etiam
375 1589 510 1668 gentiles
525 1587 647 1670 flagitio
667 1589 746 1654 adeo
761 1588 968 1654 contaminati
981 1606 1051 1656 esse
1063 1585 1283 1669 credebantur,

185 1703 280 1765 utne
302 1716 374 1765 ossa
395 1698 522 1778 quidem
544 1679 662 1777 eorum,
685 1697 739 1777 qui
766 1700 840 1763 ante
864 1696 1014 1763 iudicium
1042 1698 1159 1763 mortui
1180 1700 1283 1781 erant,

183 1807 218 1872 in
231 1807 359 1873 Atticae
378 1806 494 1873 finibus
515 1807 617 1872 iacere
635 1810 831 1888 paterentur.
855 1805 923 1884 Quo
944 1807 1070 1872 decreto
1092 1807 1125 1873 id
1144 1804 1284 1888 perfece-

176 1923 262 1983 rant
281 1915 499 1996 Athenienses,
521 1916 560 1981 de
583 1934 645 1996 quo
664 1914 861 2000 Thucydides
883 1916 983 1981 tradit
1004 1916 1062 1982 lc.
1075 1915 1133 1998 §.t
1158 1903 1284 2000 ἤλασαν

69 2085 71 2089 ,
178 2022 245 2108 μὲν
264 2011 322 2090 οὖν
343 2022 397 2090 καὶ
422 2019 455 2089 οἱ
474 2017 652 2110 Ἀθηναῖοι
674 2019 751 2101 τούς
773 2022 895 2108 ἐναγεῖς
909 2019 1066 2124 ταύταις,
1087 2043 1157 2091 cum
1179 2025 1283 2091 caedis

186 2134 270 2201 illius
293 2140 438 2202 auctores
459 2153 521 2200 non
542 2136 605 2200 iam
628 2136 660 2200 in
681 2135 787 2216 patria
807 2135 922 2200 morari
941 2138 1136 2215 paterentur.
1178 2136 1283 2200 Aucta

130 2258 134 2286 ¹
184 2261 259 2309 vero
281 2243 416 2325 septimo
441 2244 642 2326 potissimum
667 2245 794 2310 saeculo
820 2243 1013 2309 Graecorum
1042 2242 1194 2325 religione
1219 2260 1281 2307 non

184 2350 586 2419 iamsufficerecredebant
607 2357 769 2420 auctorem
791 2353 896 2419 caedis
912 2352 959 2433 iis,
981 2353 1034 2434 qui
1054 2353 1125 2431 iura
1146 2352 1281 2419 hominis

186 2461 279 2527 occisi
298 2461 519 2543 defendebant,
540 2461 600 2528 diis
621 2462 740 2529 scilicet
770 2465 802 2526 et
837 2462 992 2545 cognatis,
1015 2459 1197 2528 satisfacere
1225 2461 1281 2529 sed

183 2573 310 2651 praetor
342 2570 422 2637 hanc
460 2571 671 2655 expiationem
706 2564 868 2654 (ἱλασμός)
900 2572 1058 2652 putabant
1088 2569 1281 2637 intellectori

183 2680 394 2746 necessariam
416 2698 484 2747 esse
513 2676 738 2748 lustrationem
759 2674 972 2767 (καθαρμός),
1001 2699 1042 2745 ne
1066 2681 1211 2761 impurus
1239 2679 1280 2745 ad

183 2787 258 2855 deos
289 2788 514 2870 hominesque
542 2790 746 2867 accederet2).
789 2788 876 2867 Quae
902 2789 1085 2871 superstitio
1117 2794 1195 2870 apta
1224 2788 1280 2853 illa

121 2970 124 2973 ,
184 2897 225 2963 ad
237 2914 341 2964 mores
363 2896 489 2963 rudium
501 2898 663 2964 hominum
682 2899 883 2980 mitigandos
907 2899 933 2965 si
953 2899 1058 2966 minus
1073 2904 1167 2976 nato,
1184 2901 1280 2965 aucta

46 4110 170 4172 s.

182 3011 289 3072 tamen
309 3005 435 3071 videtur
457 3006 544 3071 cultu
566 3006 721 3088 Apollinis
743 3005 902 3089 Delphici,
922 3027 1017 3090 quem
1041 3008 1179 3089 primum
1200 3005 1280 3072 lere·

182 3114 260 3179 bant
286 3113 429 3196 Pythone
461 3113 626 3180 interfecto
656 3115 688 3178 in
719 3113 813 3181 Creta
840 3134 860 3182 a
889 3116 1081 3182 Carmanore
1106 3115 1280 3182 lustratum

182 3225 294 3304 esse3).
323 3226 429 3304 Atque
439 3223 484 3289 dii
506 3225 687 3289 irascuntur
709 3224 885 3290 nonsolum
907 3225 955 3306 iis,
977 3225 1032 3306 qui
1052 3223 1280 3292 interfecerunt

172 3332 238 3420 sed
268 3333 364 3399 etiam
395 3332 426 3396 in
452 3333 586 3414 gentiles
613 3336 646 3399 et
667 3333 837 3415 populares
866 3336 921 3414 qui
944 3336 1070 3407 illorum
1092 3334 1279 3401 commercio

181 3447 317 3508 utuntur
337 3442 454 3507 transit
476 3442 631 3526 contagio,
651 3442 671 3506 i.
687 3461 713 3508 e.
736 3439 862 3525 μίασμα
883 3443 934 3508 vel
959 3445 1077 3526 μῦσος,
1104 3443 1187 3523 qnod
1207 3461 1277 3509 ver-

182 3549 258 3616 bum
291 3550 386 3616 etiam
413 3568 433 3614 a
462 3548 607 3615 Neanthe
636 3541 826 3631 usurpatum
856 3569 925 3618 esse
952 3551 1016 3616 iam
1048 3550 1121 3616 dixi.
1163 3550 1277 3630 Itaque

181 3659 400 3740 Athenienses,
434 3678 505 3725 cum
527 3664 595 3725 tam
624 3659 678 3724 diu
700 3661 871 3727 sceleratos
890 3661 1032 3728 homines
1054 3661 1087 3726 in
1111 3660 1190 3728 urbe
1210 3679 1276 3727 ma-

181 3787 256 3835 nere
270 3769 356 3850 passi
378 3773 492 3846 essent,
515 3768 576 3850 ipsi
598 3768 692 3850 culpa
712 3768 797 3836 illius
818 3770 923 3838 caedis
948 3769 1152 3838 contaminati
1173 3773 1273 3850 erant,

180 3904 378 3916 ——-.-.

279 4001 309 4071 1)
327 4000 413 4055 Thuo.
431 4002 449 4056 l.
461 4017 484 4057 c.
502 4001 733 4058 Herodot.V71.

279 4098 307 4167 2)
324 4096 375 4154 Ed.
386 4097 530 4153 Gerhand.
548 4099 565 4153 l
584 4116 609 4156 o.
627 4118 655 4170 p.
667 4101 701 4154 69
713 4103 742 4154 et
761 4101 803 4167 70,
823 4103 881 4155 not.
901 4100 952 4153 126
969 4102 998 4154 et
1017 4102 1077 4154 127.

279 4195 308 4278 3)
327 4194 491 4262 Sabinam,
510 4196 723 4267 l.o.11³352sq.
