2724 4650
662 256 697 309 21

131 430 187 512 qui
211 430 280 514 ipse
296 429 464 496 Curetibus
485 429 762 508 adnumerabatur,
785 429 824 497 de
847 445 956 495 eorum
969 430 1090 510 origine
1111 429 1229 511 optime

129 539 235 606 dicere
256 557 347 622 posse
370 538 550 618 credebaut,
569 542 605 603 ut
627 536 755 636 Orphici
782 538 972 605 carminibus
1000 555 1082 620 quae
1108 538 1149 604 ad
1178 556 1229 603 res

128 654 359 739 postmortem
380 647 506 713 futuras
527 645 728 729 pertinebant
741 645 858 730 Orphei
873 665 985 713 nomen
1007 646 1228 727 inscribebant,

130 775 226 838 quem
260 758 292 822 in
318 757 421 839 ipsum
452 758 568 824 Orcum
602 756 797 823 descendisse
828 757 980 823 traditum
1001 762 1078 824 erat
1120 755 1228 821 Etiam

133 867 294 934 Maximus
316 866 429 948 Tyrius
451 868 548 953 1285
570 868 812 949 commemorat,
844 867 1061 949 Epimenidem
1084 868 1118 932 in
1144 867 1228 934 Iovis

130 976 253 1042 Dictaei
275 978 368 1041 antro
390 955 519 1054 longum
540 973 630 1039 illum
648 990 793 1038 somnum
804 973 1005 1065 dormivisse,
1019 974 1124 1056 ibique
1135 992 1226 1055 prae·

93 1169 94 1172 Ἴ
129 1089 223 1166 cepta
244 1095 263 1150 a
285 1071 342 1149 1166
365 1083 530 1171 accepisse,
551 1065 584 1147 id
607 1082 690 1162 quod
714 1081 753 1147 de
769 1099 843 1163 rege
862 1080 967 1148 Minoe
985 1083 1156 1149 tradebant
1165 1083 1179 1196 1
1195 1087 1228 1149 61

131 1191 621 1276 &pampinat-„ahymnus
632 1190 748 1272 alitur,
771 1190 818 1257 ita
838 1190 1131 1288 idam-posteriores
1152 1192 1227 1258 aeri·

130 1309 239 1386 ptores
260 1302 300 1366 de
321 1302 388 1368 eius
401 1301 566 1368 sacerdote
580 1297 825 1406 fabulabantur!
838 1300 924 1367 Haec
939 1285 1036 1384 igitur
1049 1301 1233 1395 testimonia¹

130 1392 1017 1494 166111161111111’11161111161111161616
1038 1411 1228 1493 relinquant,

130 1521 187 1588 sed
207 1525 285 1603 puto
307 1539 379 1585 eum
401 1520 483 1586 hanc
511 1517 549 1584 ob
571 1537 699 1585 causam
721 1518 782 1584 dici
804 1519 912 1600 Cnosi,
945 1521 978 1586 in
1010 1519 1228 1602 antiquissima

131 1630 225 1711 qnasi
248 1629 322 1696 sede
341 1628 424 1694 Iovia
448 1633 481 1693 et
500 1628 667 1709 Apollinis,
689 1633 800 1694 natum
815 1647 901 1709 esse,
934 1645 1125 1709 quamquam
1145 1629 1228 1694 anti·

129 1739 295 1819 quioribus
321 1737 437 1804 fabulis
462 1736 631 1803 Phaestius
655 1737 826 1804 ferebatur.
857 1708 863 1823 1
875 1737 1066 1822 Pythagorei
1094 1739 1228 1819 denique

130 1849 183 1916 his
201 1847 317 1915 fabulis
344 1848 479 1929 acceptis
511 1847 699 1928 magistrum
727 1865 819 1914 suum
847 1823 910 1913 dna
943 1867 1013 1915 cum
1045 1848 1228 1932 Epimenide

128 1955 275 2024 ferebant
307 1959 339 2022 in
371 1960 499 2022 antrum
528 1955 659 2022 Idaeum
688 1955 931 2040 descendisse1),
964 1958 1111 2024 nimirum
1142 1961 1225 2039 quod
1268 1943 1328 2023 ab)

128 2071 276 2132 nostrum
294 2067 377 2132 Iovis
396 2052 480 2131 illius
502 2065 699 2131 sacerdotem·
720 2083 789 2132 essa
808 2066 985 2132 audierant.

231 2176 260 2259 1.
276 2179 305 2242 2.
327 2175 487 2241 Summam
504 2179 601 2254 atque
615 2173 749 2241 fortasse
760 2176 911 2241 maiorem
924 2194 1020 2259 quam
1033 2175 1141 2244 debuit
1158 2178 1226 2261 glo·

128 2286 213 2352 riam
224 2304 261 2352 eo
273 2290 384 2351 nactus
396 2287 454 2366 est,
476 2285 559 2367 qnod
571 2283 866 2350 Atheniensium
882 2284 1009 2350 urbem
1023 2286 1225 2368 lustravit,

127 2394 304 2462 sedetiam
326 2396 403 2461 haec
423 2412 473 2460 res
494 2393 572 2459 adeo
596 2400 646 2459 est
668 2393 814 2460 obhuioni
837 2393 922 2473 data,
946 2399 982 2460 ut
998 2413 1055 2461 nec
1068 2413 1164 2478 quam
1186 2397 1226 2464 ob

129 2524 199 2570 rem
220 2522 277 2570 neo
298 2485 360 2586 quo
379 2509 568 2586 temporeeo
589 2503 712 2569 venerit
725 2504 801 2568 satis
816 2507 954 2570 constet.
995 2503 1044 2569 De
1063 2504 1132 2586 ipso
1144 2507 1226 2570 enim
1263 2544 1269 2575 l

129 2619 275 2702 tempore
297 2612 506 2697 antiquissimi
529 2615 627 2678 testea
649 2612 731 2677 inter
753 2631 787 2678 se
809 2612 1006 2693 dissentiunt,
1028 2631 1100 2679 cum
1132 2613 1226 2680 Plato
1274 2679 1310 2692 ,,

129 2722 344 2807 16816421).
367 2740 438 2788 eum
464 2740 546 2786 anno
570 2739 597 2785 a.
610 2719 643 2786 C.
656 2740 685 2785 n.
699 2724 759 2785 500
788 2739 878 2788 sacra
908 2722 1065 2804 quaedam
1094 2712 1226 2790 Athenis
1287 2778 1316 2807 „-

129 2831 239 2898 secuse
260 2800 546 2953 tradathr
567 2828 839 2896 autemillilesius
873 2849 945 2896 eum
971 2831 1003 2895 in
1031 2835 1151 2912 septam
1175 2851 1225 2899 sa·
1356 2827 1359 2835 '

129 2940 285 3022 pientiam
312 2957 478 3004 numerum
509 2938 671 3020 receperit,
704 2938 827 3019 quain
858 2956 893 3003 re
924 2956 997 3005 eum
1030 2933 1128 3006 secuti
1146 2933 1226 3007 'sunt

130 3049 303 3130 Hermippo
335 3051 463 3113 auctore
487 3046 678 3112 Plutarchus
701 3047 734 3111 in
757 3045 870 3113 Solone
892 3050 926 3111 et
946 3047 979 3112 in
998 3047 1079 3113 libro
1101 3049 1155 3130 qui
1179 3049 1225 3114 in·

130 3157 267 3240 scriptus
296 3161 346 3222 est
372 3160 493 3238 septem
527 3156 716 3237 sapientium
747 3155 924 3221 convivium
955 3174 1023 3237 cap.
1048 3159 1096 3237 14,
1118 3157 1224 3222 Laert.

129 3264 435 3349 Diog.²)141et42,
458 3268 491 3330 et
512 3264 543 3343 ii,
566 3265 619 3345 qui
642 3264 792 3344 epistolas
814 3265 900 3330 nobis
921 3265 1057 3332 traditas
1069 3267 1225 3350 couscrip-

127 3379 251 3442 serunt.
285 3372 413 3462 Septem
425 3371 614 3453 sapientium
639 3377 746 3438 autem
761 3391 862 3446 annus
881 3376 986 3440 certus
1001 3377 1223 3439 estuat-584

128 3482 255 3564 a.(i.n.‚
276 3499 338 3564 quo
359 3482 409 3549 die
426 3487 466 3547 28
479 3481 594 3549 meusIs
605 3482 668 3548 mai
690 3482 788 3548 solem
810 3481 1006 3550 defecturum
1029 3473 1226 3551 esat'r'hales
1286 3456 1318 3480 f

128 3593 341 3678 praedixerat.
725 3680 727 3684 μ

231 3701 364 3766 Causam
390 3700 593 3782 Plutarchus,
627 3701 835 3785 Hermippum
861 3704 998 3779 secutus,
1031 3701 1106 3770 dicit
1129 3702 1225 3769 fuisse
1292 3690 1343 3745 's

127 3811 232 3879 scelus
254 3809 427 3892 Cyloninm,
448 3793 531 3891 quod
555 3811 637 3876 idem
657 3811 757 3877 tradit
780 3809 892 3877 Suidaa
917 3816 951 3878 at
973 3810 1079 3879 Cicero
1102 3812 1141 3880 de
1161 3813 1227 3895 leg.
1286 3779 1356 3899 161

118 3896 413 3923 -κ-,ψν-...μ-κ

74 3982 92 4022 θ
231 4041 258 4111 1)
277 4041 369 4099 Laert.
388 4044 469 4116 Diog.
488 4045 553 4099 VIII
570 4046 596 4101 3.

229 4139 255 4211 2)
275 4139 385 4217 Bphran
403 4141 420 4196 l.
438 4157 461 4196 e.
481 4159 507 4212 p.
526 4143 576 4198 29.

1321 3250 1328 3313 l
