2724 4650
700 321 735 374 44

172 494 368 577 singulorum
389 495 651 577 magistratuum,
674 500 705 560 et
732 515 802 561 cum
824 514 915 578 reges
939 497 992 576 qui
1014 497 1134 578 primas
1163 495 1195 561 in
1217 515 1267 560 re-

170 604 295 686 publica
317 604 469 670 tenebant
489 604 552 668 iam
574 604 700 669 oracula
712 605 844 685 Delphis
865 606 966 670 allata
989 606 1182 686 colligerent,
1203 623 1268 670 non

109 727 112 730 ’
171 715 238 779 sine
260 731 375 794 magna
397 714 462 778 veri
486 713 589 796 specie
614 714 746 779 coniecit
772 714 913 792 Urlichs,
944 713 1136 796 Epimenidis
1156 712 1269 798 δέρμα,

170 824 203 890 id
224 829 274 889 est
292 822 431 905 oracula,
452 822 491 886 ab
513 822 638 902 ephoris
656 804 814 888 occultata
835 830 911 906 esse,
934 841 1066 904 quorum
1089 823 1269 890 insedibus

172 932 315 1012 antiquis
334 938 571 998 monumentum
588 934 655 998 eius
674 930 774 999 fuisse
795 932 858 998 iam
879 933 952 998 dixi.
983 933 1065 997 Nam
1088 950 1158 997 cum
1177 949 1269 1013 reges

170 1043 298 1106 oracula
320 1041 470 1122 Delphica
492 1041 676 1123 colligerent
695 1048 728 1106 et
748 1041 903 1122 Apollinis
925 1045 1114 1108 auctoritate
1129 1042 1268 1123 Lycurgi

170 1151 257 1232 leges
280 1156 311 1215 et
332 1150 452 1230 regium
474 1151 639 1231 imperium
659 1152 780 1216 sancita
801 1154 915 1230 essent,
937 1151 1045 1232 ephori
1067 1155 1191 1216 tantam
1212 1168 1268 1232 po·

170 1259 303 1326 tentiam
328 1258 463 1324 nancisci
486 1276 548 1323 non
571 1264 727 1341 poterant,
748 1258 807 1324 nisi
828 1260 934 1340 aliqua
956 1278 995 1324 ex
1013 1265 1103 1342 parte
1114 1259 1269 1342 religione

172 1367 407 1433 adiuvarentur.
441 1367 582 1444 Quorum
600 1374 742 1450 potestas
765 1368 879 1448 quibus
908 1368 1005 1436 initiis
1038 1373 1110 1450 orta
1130 1368 1270 1448 pruden-

172 1477 251 1542 tium
264 1477 401 1541 virorum
417 1477 571 1544 industria
585 1479 686 1560 magis
698 1479 864 1561 magisque
879 1496 915 1542 eo
933 1479 1074 1556 ereverit,
1098 1483 1134 1543 ut
1155 1484 1270 1559 postea
1297 1509 1300 1516 =

172 1604 282 1667 regum
305 1590 496 1666 potestatem
519 1588 619 1652 multo
641 1591 838 1668 superarent,
861 1605 923 1652 non
944 1588 1022 1654 satis
1038 1590 1170 1665 constat,
1195 1605 1268 1652 cum

172 1697 307 1761 duorum
327 1700 452 1761 tantum
474 1695 612 1761 virorum
634 1697 762 1762 nomina
787 1696 907 1760 tradita
928 1697 1000 1762 sint.
1043 1696 1091 1760 De
1112 1697 1270 1778 Asteropo

174 1805 300 1885 quidem
311 1805 502 1871 Plutarchus
514 1804 713 1870 Cleomenem
731 1823 798 1887 cap.
813 1809 851 1869 10
861 1803 938 1871 facit
948 1806 1119 1871 dicentem:
1141 1800 1269 1870 καὶτὸν

173 1913 307 1998 πρῶτον
317 1907 602 2000 ἐπισφοδρύναντα
609 1909 668 1998 τήν
682 1905 781 2002 ἀρχὴν
792 1913 846 1978 καὶ
856 1905 1270 1998 ἆνατεινάμενανᾊστέρω-

173 2045 238 2088 πον
249 2018 386 2108 ἡλικίαις
406 2018 542 2107 ὕστερον
563 2023 702 2101 πολλαῖς
712 2024 798 2107 (post
820 2025 903 2090 bella
915 2024 1120 2107 Messeniaca)
1145 2019 1271 2110 ἔφορον

174 2131 337 2215 γενέσθαι.
381 2133 487 2212 Atque
514 2150 584 2197 cum
608 2133 712 2198 Laert.
745 2133 835 2213 Diog.
850 2133 866 2197 I
881 2135 921 2196 68
943 2133 982 2197 de
1011 2131 1140 2198 Chilone
1167 2132 1269 2197 dicat:

174 2240 228 2305 καὶ
250 2240 385 2323 πρῶτος
406 2234 595 2328 εἰσηγήσατο
632 2235 773 2326 ἐφόρους
803 2241 976 2322 βασιλεῦσι
1006 2233 1271 2324 παραζευγνύναι,

174 2351 370 2416 demonstrat
391 2368 463 2414 eum
486 2354 603 2415 certam
623 2351 785 2416 ‘rationem
808 2355 956 2430 certaque
978 2351 1048 2414 iura
1070 2349 1270 2417 constituisse

175 2460 288 2540 quibus
307 2458 416 2542 ephori
437 2478 502 2524 una
523 2477 594 2524 cum
616 2459 744 2540 regibus
766 2477 833 2524 rem
861 2459 1017 2541 publicam
1044 2458 1268 2541 gubernarent.

174 2569 242 2633 Hoc
270 2573 466 2633 autemnon
498 2569 653 2634 immerito
686 2569 819 2634 credunt
850 2567 917 2632 fieri
945 2587 1006 2633 non
1031 2567 1188 2648 potuisse,
1210 2568 1270 2634 nisi

163 2681 270 2742 ‘antea
285 2677 393 2759 ephori
408 2676 516 2757 aliqua
530 2677 681 2758 religione
695 2677 806 2742 sanciti
822 2682 935 2742 essent.
968 2677 1078 2756 Neque
1089 2681 1269 2756 temporum

175 2786 272 2851 ratio
292 2786 413 2863 obstat,
452 2786 528 2867 quin
560 2791 635 2852 ante
667 2785 806 2852 Chilonis
843 2785 1030 2868 ephoratum
1067 2783 1270 2868 Epimenides

174 2893 323 2977 Spartam
345 2896 473 2959 venerit.

261 3001 409 3089 'Chilonis
422 3004 653 3068 annosssohren
669 3004 690 3069 l.
711 3023 734 3069 c.
758 3009 788 3068 et
804 3003 888 3069 Stein
900 3004 920 3068 l.
932 3023 956 3069 c.
964 3021 1027 3068 non
1046 3003 1155 3068 eodem
1177 3003 1270 3068 modo

176 3094 475 3194 computantium
487 3102 537 3176 res
548 3112 782 3195 ascriptoribus
794 3112 927 3179 traditas
939 3113 1021 3178 inter
1036 3131 1070 3177 se
1083 3113 1272 3194 coniungere

82 3218 85 3225 ’
175 3225 343 3300 nequeant.
388 3220 512 3285 Nullius
535 3222 617 3287 enim
641 3240 680 3287 ea
702 3222 731 3286 in
765 3241 800 3287 re
821 3223 969 3287 momenti
992 3225 1043 3288 est
1065 3222 1147 3302 quod
1171 3220 1271 3286 Hero·

80 3325 86 3380 ⁴,
175 3330 248 3395 doto
274 3330 289 3394 Ι
322 3333 360 3394 59
391 3336 519 3396 auctore
546 3330 655 3396 Chilon
686 3331 833 3396 ludorum
863 3330 1096 3415 Olympicorum
1127 3335 1270 3411 tempore

81 3480 82 3486 κ
174 3439 409 3520 Hippocratem,
442 3439 601 3506 Pisistrati
627 3441 754 3522 tyranni
776 3446 908 3521 patrem,
944 3439 1044 3504 vetuit
1064 3437 1213 3504 feminam
1235 3439 1269 3502 in

175 3549 409 3615 matrimonium
441 3547 563 3614 ducere.
617 3550 681 3614 Nec
713 3547 792 3615 falso
816 3548 945 3614 Schtfer
974 3568 1003 3630 p.
1031 3551 1068 3612 15
1089 3552 1120 3612 et
1141 3546 1268 3611 Bohren

12 3656 112 3759 {qma}
176 3676 206 3738 p.
232 3661 271 3720 42
293 3657 323 3720 id
345 3657 517 3739 negligunt,
540 3658 749 3737 quodLaert.
765 3657 854 3740 Diog.
876 3658 891 3721 Ι
913 3627 1044 3722 rehum
1066 3657 1166 3723 tr'adit
1187 3656 1270 3722 circa

11 3816 13 3823 .
35 3756 47 3849 ζ
74 3783 76 3791 ·
167 3768 215 3843 ol.
227 3770 265 3829 52
288 3764 422 3855 γέροντα
442 3767 547 3844 fuisse,
566 3785 638 3832 cum
658 3767 826 3877 verisimile
846 3785 907 3832 non
929 3768 980 3844 sit,
1002 3762 1137 3849 γέροντα
1158 3766 1269 3831 eodem

10 3837 48 3887 ψ’
81 3891 83 3896 ·
122 3873 154 3961 f
176 3881 318 3959 tempore
339 3875 492 3960 ephorum
515 3881 661 3943 vocaturn
683 3885 782 3959 esse.)
802 3877 869 3942 Hoc
890 3877 963 3942 dicit
982 3873 1194 3958 Sosicrates1)
1217 3893 1268 3940 ar·

12 3959 65 4040 97
79 3965 117 4021 Γ
176 3986 291 4054 ehonte
307 3986 507 4070 Euthydemo
530 3985 649 4052 facturn
673 4003 750 4064 esse,
779 3985 833 4068 qui
855 3985 1024 4052 secundum
1045 3984 1185 4050 Marmor
1205 3983 1267 4048 Pa·

277 4212 302 4283 l)
324 4211 416 4267 Laert.
435 4211 516 4283 Diog.
535 4211 604 4268 loe.
