2724 4650
670 197 703 249 57

127 364 222 430 bellis
242 365 481 443 lacerabantur,
504 366 658 430 incertum
687 383 748 446 quo
771 372 901 431 auctore
929 366 975 431 bis
1001 367 1032 432 in
1054 366 1229 446 Graeciam,

126 475 271 540 Athenas
300 477 332 537 et
363 472 512 554 Spartam
544 474 698 554 processit
728 476 775 540 vir
803 475 970 540 Cretensis
1013 476 1232 543 Lustrationes

126 583 197 650 eius
225 589 258 648 et
275 583 414 647 *oracula
443 599 636 661 quamquam
665 582 696 645 in
725 582 886 663 'republica
916 582 1136 649 constituenda
1168 603 1228 648 non

127 692 266 756 multum
294 688 449 772 profuisse
480 691 651 769 credimus,
680 690 754 769 quia
783 709 838 755 nec
866 690 958 754 Solon
981 691 1046 771 ipse
1074 711 1131 756 nec
1153 693 1229 757 boni

127 799 272 865 historici
294 817 368 864 curn
390 798 561 877 nominant,
588 803 693 862 tamen
716 799 783 878 ipsc
806 799 1015 878 temperantia
1028 806 1061 865 et
1069 803 1230 882 gravitate
1314 826 1316 832 ·

128 908 255 975 videtur
282 908 410 990 insignis
433 905 538 972 fuisse.
582 909 687 986 Atque
709 892 784 971 cum*
807 907 845 971 de
872 909 939 972 eius
959 909 1025 971 vita
1047 926 1108 972 non
1129 909 1231 973 multa

132 1018 369 1099 comperissent,
392 1034 464 1080 mox
486 1016 516 1078 in
529 1015 666 1095 patriam
684 1033 846 1080 reuersum
860 1015 975 1082 labulis
988 1034 1102 1080 ornare
1124 1033 1231 1097 coepe·

132 1130 217 1190 runt.
245 1124 394 1190 Ceterum
416 1141 487 1187 cum
509 1128 618 1187 notum
641 1125 692 1203 sit,
715 1125 740 1188 si
763 1141 857 1202 quem
878 1123 986 1189 fabula
1008 1125 1066 1189 sibi
1088 1124 1228 1205 elegerit,

128 1235 169 1299 ad
192 1234 260 1299 eius
281 1251 448 1312 porsonam
469 1250 568 1297 nouas
584 1232 720 1312 undique
740 1236 939 1298 narrationes
960 1233 1094 1311 adnecti,
1118 1233 1231 1299 absita

129 1342 219 1408 nobis
241 1348 278 1406 ut
298 1345 475 1425 propterea,
499 1340 583 1419 quod
603 1340 766 1406 fabulosae
788 1359 839 1407 res
861 1341 900 1406 de
914 1359 949 1404 eo
973 1348 1122 1406 narratae
1146 1347 1230 1423 sunt,

128 1450 309 1518 morosoius
318 1455 470 1530 tanquam
480 1449 962 1532 praestigiaborisvituporemus.
976 1449 1231 1530 Quidpraeterea

132 1553 241 1627 Cretes
272 1557 495 1637 incusabimus,
528 1576 607 1639 quos
640 1557 748 1624 dicunt
783 1577 852 1623 cum
886 1559 964 1624 alias
995 1559 1230 1623 mendaciorum
1281 1547 1285 1552 ’

128 1669 274 1750 plaustra
297 1667 432 1733 credulis
455 1667 633 1750 ingessisse,
658 1671 725 1731 turn
747 1668 785 1732 de
805 1667 991 1751 Epimenide
1013 1667 1082 1733 illas
1105 1667 1229 1734 fabulas

130 1777 307 1842 invenisse?
329 1774 478 1856 Singulae
492 1794 542 1840 res
555 1792 650 1856 quam
664 1776 803 1841 incertae
826 1777 889 1841 sint
908 1777 1137 1853 demonstravi,
1155 1795 1230 1841 vera

129 1887 353 1966 potiusquam
376 1888 469 1966 grata
491 1884 567 1947 mihi
592 1883 754 1951 scribenda
779 1903 848 1950 esse
863 1890 963 1950 ratus.
995 1885 1107 1966 ltaque
1122 1888 1230 1966 spreta

128 1993 235 2057 inutili
256 2010 352 2071 opera
372 1990 532 2057 refutandi
562 1998 619 2057 aut
640 2010 693 2058 eos
723 1994 776 2072 qui
801 2011 872 2057 cum
893 1993 970 2058 nihil
992 1994 1071 2059 scire
1090 1999 1228 2074 possent,
1297 2065 1300 2072 ,

128 2111 238 2167 nostro
255 2102 338 2165 male
360 2102 519 2182 dixerunt,
540 2105 597 2166 aut
608 2119 661 2167 eos
676 2103 731 2180 qui
744 2102 878 2166 eundem
894 2103 960 2168 sine
976 2120 1071 2167 causa
1083 2100 1228 2166 laudibus

127 2212 162 2275 in
184 2208 306 2275 caelum
327 2211 485 2289 tulerunt,
515 2210 706 2276 enumerabo
739 2228 786 2286 ea,
819 2228 901 2290 quae
933 2212 972 2275 dc
1005 2210 1129 2290 scriptis
1161 2210 1229 2275 eius

127 2319 310 2386 traduntur.
915 2300 1088 2326 W

1090 2324 1115 2345 ’Ἃ

649 2914 722 2980 ΙΙΙ.

229 3080 377 3145 Necvero
392 3086 498 3160 potest
518 3082 614 3148 certis
637 3083 832 3162 argumentis
845 3079 1018 3158 diiudicari,
1043 3082 1096 3160 qui
1120 3098 1230 3146 eorum

129 3189 282 3253 librorum
305 3195 337 3254 et
358 3190 498 3254 locorum
520 3209 631 3255 revera
652 3190 828 3271 Epimenidi
849 3188 932 3255 Greti
953 3190 1135 3267 debeantur,
1160 3208 1230 3255 cum

129 3298 223 3362 multi
249 3301 361 3378 postea
392 3299 557 3378 compositi
591 3317 659 3364 esse
693 3298 823 3378 possint,
857 3304 893 3362 ut
919 3299 1015 3361 otiam
1039 3297 1079 3360 ad
1100 3296 1231 3362 Homeri

129 3406 259 3471 Hesiodi
270 3406 388 3488 Orphei
412 3386 545 3472 aliorum
567 3408 694 3472 nomina
716 3426 736 3471 a
758 3425 848 3472 serae
869 3407 985 3473 aetatis
1008 3404 1108 3487 poetis
1129 3395 1230 3468 multa
1266 3439 1270 3446 ·

130 3510 211 3578 laiso
234 3514 392 3580 translata
408 3533 477 3580 esse
496 3515 621 3579 scimus.
646 3512 777 3578 Accedit
795 3513 878 3593 quod
900 3513 1230 3607 nomenfnostrihaud

131 3621 176 3685 ita
199 3639 307 3686 rarum
329 3627 386 3701 est,
412 3622 467 3688 sed
489 3623 573 3688 idem
594 3613 729 3688 habent:
964 3604 967 3608 ’

172 3731 204 3814 a)
227 3731 320 3797 heros
341 3732 392 3825 ille
413 3732 539 3798 Atticus
560 3731 599 3797 de
621 3748 683 3811 quo
705 3733 776 3798 iam
791 3731 865 3811 dixi,

173 3838 206 3920 bl
229 3833 247 3903 ὁ
270 3840 415 3923 Δωριστὶ
436 3835 605 3926 calcando
629 3840 710 3927 oeci
727 3834 847 3930 Ρόδου,
939 3840 945 3848 ’

172 3946 202 4027 1)
228 3941 246 4011 ὁ
268 3941 457 4031 γενεαλόγος
490 3967 626 4030 quorum
661 3930 841 4032 utrumque⁴
862 3950 969 4014 Laert.
1006 3948 1096 4031 Diog.
1132 3947 1228 4010 1115

216 4044 469 4154 *commemora

796 4431 911 4527 ’s
