2724 4650
659 297 693 352 25

128 495 243 576 movet,
264 490 318 557 sed
340 492 437 557 etiam
460 509 499 557 ea
520 508 602 572 quae
623 492 664 559 ab
692 493 764 560 aliis
790 475 828 558 de
853 494 948 559 rebus
974 494 1015 559 ab
1041 493 1225 574 Epimenide

99 616 105 624 ·
128 601 284 667 institutis
295 600 474 681 traduntur,
498 600 668 666 cohaerent
679 621 748 668 cum
763 602 811 679 iis,
835 621 916 683 quae
928 602 1124 685 Thucydides
1137 603 1153 667 I
1166 606 1264 695 ¹23...-

891 689 1175 706 „na--u-wm--a-
1182 691 1218 700 v...-

128 709 175 775 de
213 709 473 793 Cyloniorum
502 711 788 807 §defit-..Edifhip
815 712 854 777 de
886 729 949 792 qua
978 714 1147 794 propterea
1177 730 1226 776 ac·

325 810 421 819 ......,...,.-
426 799 501 817 ..ω-θ’

127 811 430 886 curatiu'sdicemus.

232 930 259 1013 ὃ.
272 933 300 996 3.
342 929 530 997 Nelidarum
551 949 649 1013 regno
671 931 797 1006 sublato
818 935 962 997 nontam
978 928 1227 1012 populihbertas

128 1053 227 1118 quam
247 1035 495 1116 Eupatridarum
524 1037 652 1102 licentia
671 1037 804 1103 Athenis
825 1040 978 1117 creverat,
1000 1056 1082 1118 quae
1102 1038 1227 1103 miseria

128 1163 168 1208 ne
193 1161 233 1208 ea
254 1144 380 1224 quidem
407 1164 442 1212 re
463 1147 584 1212 minuta
616 1152 675 1225 est,
710 1146 794 1226 quod
814 1145 940 1211 Dracon
972 1148 1059 1229 leges
1091 1148 1227 1214 usitatas

126 1252 243 1319 litteris
265 1253 435 1319 mandavit.
479 1253 645 1321 Crescente
671 1256 769 1336 igitur
798 1254 829 1318 in
855 1254 921 1320 dies
950 1255 1104 1322 discordia
1121 1255 1228 1355 Qu,

133 1362 186 1442 qui
208 1379 331 1427 summo
353 1363 422 1428 loco
451 1368 546 1430 natus
577 1364 662 1430 ludis
689 1362 859 1446 Olympicis
869 1364 1134 1462 phfflecursu
1157 1366 1176 1430 i.
1193 1352 1226 1432 e.
1257 1307 1332 1435 &ho

131 1463 252 1555 διαύλῳ
274 1471 435 1538 victoriam
459 1478 681 1553 reportaverat
691 1474 725 1556 ¹),
744 1477 777 1539 et
799 1491 869 1537 cum
886 1472 1229 1557 Theagenenregaren-

132 1579 213 1645 sium
235 1577 822 1660 tyrannoaffinitateconiuuctuserat,
844 1578 1044 1662 tyrannidem
1059 1579 1229 1646 affectabat

63 1759 66 1765 ,
134 1691 167 1754 et
184 1686 235 1754 die
246 1687 327 1754 festo
338 1689 421 1754 Iovis
430 1688 582 1772 Olympici
593 1707 697 1754 arcem
710 1693 925 1771 occupaverat.
948 1688 1010 1754 Sed
1023 1689 1231 1755 Athenienses
1319 1697 1335 1721 ⁸

133 1796 271 1878 undique
286 1786 509 1863 concurrentes
523 1798 624 1878 primo
636 1797 697 1879 ipsi
708 1816 811 1862 arcem
824 1802 1096 1882 oppugnaverunt,
1117 1798 1229 1866 deinde

132 1918 227 1986 aegre
253 1905 327 1970 belli
349 1907 505 1973 miseriam
527 1907 665 1973 ferentes
693 1924 760 1971 rem
782 1907 824 1972 ad
845 1907 1010 1974 archontes
1037 1908 1228 1989 detulerunt,

132 2032 194 2097 quo
215 2014 398 2079 innumero
428 2012 722 2078 Alcmaeonidarum
743 2031 821 2094 gens
847 2014 1037 2080 auctoritate
1058 2019 1090 2079 et
1113 2003 1253 2081 divitiis

132 2122 302 2206 plurimum
327 2121 474 2204 pollebat.
518 2120 637 2186 Eorum
658 2102 779 2204 impetu
791 2126 919 2188 coactus
939 2140 1013 2187 mox
1035 2123 1132 2207 Cylon
1158 2143 1229 2189 cum

133 2231 232 2298 fratre
254 2249 384 2298 exerce
406 2228 539 2311 aufugit,
572 2230 686 2297 milites
719 2236 750 2296 et
771 2231 863 2297 amici
886 2231 971 2298 fame
997 2234 1129 2299 confecti
1154 2252 1229 2315 pars

133 2341 173 2407 ad
195 2340 357 2407 Minervae
378 2333 544 2416 Πολιάδος
555 2341 581 2421 ²)
603 2359 677 2407 aras
699 2341 732 2404 in
753 2359 833 2420 arce,
856 2359 931 2422 pars
954 2343 994 2407 ad
1019 2342 1228 2407 Eumenidum

133 2467 231 2528 sacra,
254 2466 335 2530 quac
368 2452 398 2514 in
421 2451 505 2516 valle
538 2450 620 2515 inter
639 2468 743 2515 arcem
771 2455 803 2516 et
825 2449 1028 2532 Areopagum
1051 2451 1230 2532 etquidem

135 2559 276 2642 proxime
298 2558 381 2640 apud
413 2558 497 2624 hune
521 2559 583 2625 sita
608 2563 701 2624 erant
711 2562 747 2640 ³),
769 2557 963 2642 confugiunt.
1012 2553 1125 2639 Itaque
1156 2578 1230 2626 arce

138 2672 289 2750 occupata
312 2685 350 2732 ne
370 2667 505 2749 perfugii
527 2666 715 2734 inviolabilis
740 2669 939 2734 sanctitatem
959 2667 1113 2734 violarent
1135 2667 1230 2735 duces

134 2775 381 2856 Atheniensium,
405 2777 442 2843 iis
463 2776 517 2858 qui
545 2777 577 2841 in
600 2795 672 2843 arce
693 2783 783 2842 erant
808 2777 998 2859 promittunt
1028 2797 1062 2843 se
1081 2794 1230 2859 parsuros
1274 2817 1276 2823 .

136 2903 210 2964 esse,
232 2886 416 2952 recedentes
437 2885 476 2950 ab
496 2885 560 2952 aris
576 2886 750 2965 concidunt,
773 2884 984 2969 cuiusflagitii
1000 2886 1230 2968 posteavariae
1305 2911 1306 2916 ¹

136 3012 249 3060 causae
270 2993 463 3060 ferebantur.
507 2993 589 3072 Quid
610 2995 724 3077 plura?
747 2996 868 3077 pietate
889 2994 1012 3076 fideque
1032 2997 1118 3061 laesa
1132 3011 1172 3058 ne
1191 2993 1230 3058 ab

135 3102 171 3168 iis
193 3102 320 3183 quidem
344 3121 456 3168 manus
477 3103 655 3183 abstinent,
682 3105 736 3183 qui
758 3105 788 3168 in
814 3103 1023 3168 Eumenidum
1052 3105 1116 3169 aris
1144 3103 1230 3168 sede-

135 3210 257 3295 bant4).
300 3211 402 3278 Huius
427 3212 552 3278 sceleris
573 3213 753 3279 immanitas
773 3214 854 3278 iram
878 3211 1030 3294 acylone
1051 3214 1092 3278 ad
1114 3211 1231 3277 nobiles

135 3318 205 3386 illos
228 3319 408 3403 declinarit,
430 3322 484 3404 qui
507 3322 651 3403 potentia
672 3340 730 3387 sua
751 3321 840 3388 abusi
855 3321 1037 3402 religionem
1048 3320 1230 3401 turpissime

238 3592 265 3661 l)
283 3590 368 3646 Thus.
389 3592 408 3648 l.
426 3608 449 3646 c.
470 3594 493 3656 ἓ.
512 3594 543 3646 2:
580 3558 679 3647 [Κύλων
694 3583 728 3659 ἦν
746 3588 952 3664 Ὀλυμπιονίκης
977 3593 1029 3645 ece.
1057 3588 1118 3644 Sex.
1144 3587 1231 3643 Iulius

137 3685 346 3769 Africanused·
365 3688 495 3760 Rutgerc.
514 3707 541 3759 p.
551 3691 592 3744 13.

235 3785 263 3855 2)
282 3784 311 3841 O.
330 3785 524 3849 Waohsmuth‚
550 3785 596 3840 die
619 3784 700 3840 Stadt
723 3785 815 3839 Athen
837 3784 875 3839 im
902 3783 1069 3840 Alterthum.
1094 3783 1148 3852 lp.
1170 3783 1230 3836 502.

136 3883 192 3936 not.
211 3880 237 3935 2.

235 3977 264 4048 3)
279 3976 384 4061 ibidem
403 3996 429 4048 p.
438 3977 499 4034 253.

232 4073 261 4144 4)
280 4072 372 4128 Thuc.v
392 4072 410 4128 l.
433 4091 457 4129 e.
489 4072 613 4143 laniem,
648 4073 682 4128 de
715 4073 883 4129 Graecorum
924 4071 1015 4141 asylis.
1052 4073 1128 4127 1868.
1165 4068 1231 4125 diue.

137 4165 335 4239 Gottingenuie.
1080 4158 1084 4167 ’
