2724 4650
604 294 685 351 ,15

11 478 13 481 ·
124 464 398 533 dissertationibus
421 466 461 532 de
483 465 595 532 Solone
617 470 649 531 et
670 465 767 534 Orata
781 467 815 549 ¹).
855 467 920 533 Nec
941 467 1242 567 praetermittenda·

127 579 204 641 sunt
224 594 305 657 quae
325 575 467 641 Dodwell
488 576 508 642 l.
520 594 546 642 c.
563 581 595 642 et
609 575 757 643 Gorsinus
771 579 796 656 2)
818 576 857 642 (15
876 582 1028 659 tempore,
1049 577 1225 659 Lomeier⁸)

126 689 160 751 et
179 683 330 768 Schliger
339 683 365 767 ⁴)
391 685 431 750 de
455 684 696 751 lustrationibus
718 686 785 751 eius
815 686 1018 768 scripserunt.
1064 685 1226 770 Schligeri

126 793 267 860 libellum
289 812 347 859 nec
357 793 538 858 Heinrichio
560 812 617 859 nec
632 795 708 859 mihi
722 793 831 878 legere
845 795 941 860 licuit.
979 794 1164 876 Sequuntur
1178 813 1225 870 ea,

126 921 208 988 quae
219 901 381 968 Grabbner
391 901 417 985 ⁶)
428 908 461 969 et
473 903 541 969 Tib.
553 903 813 970 Hemsterhusius
835 885 876 970 ad
889 904 1020 970 Luciani
1032 904 1226 970 Timonemss

89 1049 92 1052 ⁴
125 1011 373 1094 disputaverunt
418 1011 559 1079 Maxima
594 1018 702 1079 antem
731 1032 807 1096 pars
830 1014 933 1095 operis
954 1014 1093 1078 locorum
1115 1031 1225 1096 cogen-

127 1122 237 1188 dorum
259 1123 322 1188 iam
354 1121 501 1188 absoluta
530 1123 635 1194 estin
666 1123 710 1187 Io.
743 1123 811 1188 Alb.
833 1122 1006 1189 Fabricii
1032 1121 1223 1190 bibliotheca

126 1230 259 1308 Graeca,
283 1235 497 1312 1705-1728,
512 1251 607 1314 quem
628 1233 733 1299 denuo
749 1233 847 1299 edidit
858 1232 1236 1308 Η5115511790-1809-

232 1342 282 1408 Ex
303 1343 352 1408 his
372 1344 462 1423 qnasi
484 1341 641 1425 lapidibus
666 1343 794 1408 domum
819 1349 985 1418 exstruere
1016 1342 1119 1409 conati
1151 1348 1227 1410 sunt

126 1451 304 1533 Brucher⁶)‚
336 1451 586 1534 Barthelemy²)‚
621 1453 758 1518 maxime
785 1459 894 1519 autem
915 1452 1147 1536 Heinrichss),
1170 1452 1225 1534 q'ui

126 1563 167 1628 de
187 1562 331 1628 omuibus
353 1567 496 1628 veterum
517 1563 707 1644 scriptorum
731 1562 807 1629 locis
837 1566 904 1627 tam
931 1563 1010 1629 bene
1040 1562 1223 1644 disputavit,

126 1688 222 1753 quam
241 1671 297 1736 illo
310 1677 453 1752 tempore
467 1677 604 1756 poterat,
627 1672 804 1756 meritoque
822 1671 861 1736 ab
873 1672 1036 1739 Harleseio
1044 1671 1072 1754 ⁹)
1092 1672 1225 1753 aliisque
1276 1670 1278 1674 ’

125 1781 275 1847 laudatus
295 1786 353 1848 est.
397 1780 458 1847 Sed
480 1782 580 1847 auctis
600 1800 640 1846 ex
661 1782 716 1847 illo
740 1787 880 1865 tempore
907 1782 1059 1849 historiae
1087 1781 1224 1861 antiqui-

125 1893 229 1955 tatum
249 1891 462 1973 mythologice
483 1891 597 1958 studiis
619 1912 643 1958 5.
657 1911 692 1957 15
712 1892 931 1974 videturesse,
954 1898 991 1956 ut
1005 1892 1226 1958 examinentur

124 2017 328 2082 quaecunque
349 2019 369 2066 a
390 2001 467 2067 viris
499 2001 685 2068 doctissimis
699 2002 738 2084 ¹⁰)
764 2002 880 2067 collata
909 2006 998 2082 sunt,
1029 2002 1075 2068 ita
1095 2001 1223 2081 quidem

226 2252 253 2320 1)
274 2250 372 2322 Opera
391 2251 425 2306 ed
442 2251 564 2309 Lamius.
583 2253 742 2308 Florentiae
762 2255 829 2306 1741
849 2270 888 2322 sq.
907 2251 1027 2307 maxime
1044 2252 1099 2308 vol.
1111 2252 1123 2307 1
1137 2251 1220 2308 etIII.

223 2347 250 2419 2)
267 2348 415 2404 Eduardus
434 2349 575 2419 Coruinus,
592 2350 659 2405 fasti
676 2350 766 2404 Attici
785 2350 826 2404 111
843 2368 871 2420 p.
879 2351 922 2405 75.
943 2350 1020 2405 1751.

224 2471 251 2539 3)
270 2470 385 2525 Joannis
407 2471 547 2525 Lomeieri
574 2471 754 2542 Epimenides
778 2471 836 2526 sive
861 2471 896 2526 de
927 2475 1053 2527 veterum
1075 2471 1223 2542 gentilium

125 2564 337 2621 lustrationibus
365 2569 519 2639 syntagma.
545 2568 590 2623 ed.
614 2568 712 2622 altera.
748 2567 922 2638 Zutphaniae
951 2569 1029 2623 1700.
1056 2587 1083 2639 p.
1104 2571 1221 2635 40-44,

129 2664 188 2734 156,
206 2665 267 2734 214,
285 2666 347 2720 359.

223 2776 251 2845 4)
269 2774 403 2848 Schlager
421 2776 457 2832 de
465 2777 681 2857 Atheniensibus
692 2777 835 2833 civitatem
855 2794 933 2832 suam
952 2778 1085 2848 sanguine
1102 2776 1223 2833 humano

123 2870 318 2930 lustrantibus.
355 2872 515 2930 Helmstedt
533 2876 611 2932 1739.

225 2985 415 3054 5101555551·
437 2987 472 3042 de
488 2987 654 3058 Epimenide
677 2987 849 3043 Athenarum
871 2987 1025 3043 lustratore
1052 2989 1224 3045 animadver-

122 3079 214 3136 siones
240 3081 414 3151 antiquariae
432 3083 469 3138 ad
486 3084 567 3155 Diog.
590 3085 686 3140 Laert.
712 3085 853 3149 lih.110,
873 3087 890 3138 9
907 3083 1006 3156 Progr.
1030 3083 1225 3140 Franciscanei

123 3174 281 3231 hiisuiensis
301 3178 378 3232 1742.

220 3273 364 3341 61155511
386 3275 523 3331 Bruclceri
547 3275 666 3330 historia
688 3276 786 3330 critica
807 3275 998 3346 philosophiae
1019 3278 1071 3330 etc
1099 3275 1177 3330 Tom.
1199 3276 1221 3331 1.

125 3367 235 3439 Lipsiae
254 3370 335 3425 1742.
370 3370 439 3426 Pars
457 3371 483 3425 11
504 3374 528 3427 1.
544 3371 613 3443 §29-
632 3390 660 3442 p.
673 3372 727 3425 419
739 3389 780 3441 sq.

224 3466 252 3536 7)
271 3466 478 3539 (Barthblemy),
497 3486 604 3540 voyage
623 3468 661 3522 du
679 3468 762 3523 ieune
779 3467 946 3524 Anacharsis
956 3467 1092 3524 enGrbce.
1111 3468 1189 3524 Tom.
1200 3468 1221 3521 1.

123 3563 203 3618 Paris
219 3566 296 3621 1788.
378 3564 380 3568 ’

221 3680 250 3750 8)
270 3679 300 3734 Ο.
318 3681 350 3736 F.
369 3680 516 3749 Heinrich,
544 3680 636 3737 Ueher
658 3680 721 3736 Zeit
746 3680 866 3737 Ahsicht
888 3679 946 3734 und
969 3680 1075 3750 Folgen
1103 3678 1154 3733 der
1171 3677 1222 3733 Be·

123 3775 226 3848 ruiuug
244 3775 292 3832 des
311 3777 489 3848 Epimenides
508 3779 579 3833 nach
597 3778 697 3832 Athen.
722 3776 884 3832 Bibliothek
902 3777 951 3832 der
970 3777 1093 3831 55115555
1101 3776 1222 3830 Wissen·

123 3872 248 3930 schsiten
268 3892 291 3930 e.
305 3893 331 3944 q.
344 3893 366 3931 s.
387 3875 561 3941 1797111551,
579 3873 758 3945 Epimenides
777 3891 826 3928 ans
844 3873 940 3928 Krete.
975 3872 1092 3943 Leipzig
1110 3872 1188 3926 1801.

229 3988 256 4057 9)
273 3988 396 4060 Harless,
414 3990 608 4060 supplementa
619 3987 656 4043 ad
666 3987 903 4043 introductionem
916 3985 1100 4041 inhistoriam
1109 3984 1221 4054 linguae

124 4081 254 4140 Graecae.
274 4088 351 4141 1804.
370 4086 416 4141 vol
430 4086 450 4140 1.
469 4105 496 4157 p.
512 4087 554 4147 77.

162 4178 174 4258 ‚¹
224 4183 319 4273 1010.
339 4183 511 4254 Bernhardy,
530 4169 1042 4255 ςή55111551151111.”055511.141876.
1096 4207 1102 4220 ·
