2724 4650
705 239 739 292 56

269 410 334 475 Nec
355 409 399 474 illi
421 409 663 475 deterrebantur
684 426 720 473 eo
744 409 827 490 quod
850 426 979 475 somnus
1004 412 1042 471 57
1059 427 1214 475 annorum
1229 410 1272 475 ad

170 519 257 584 illam
271 536 424 583 annorum
436 518 670 598 dispositionem
680 535 741 592 non
754 517 898 597 quadrat,
923 519 948 583 si
961 536 1032 582 eum
1045 523 1118 583 ante
1127 517 1271 584 Athenas

172 629 325 693 lustratas
347 619 497 708 putamus
517 623 640 690 finitum
665 643 741 691 esse.
780 625 862 690 Nam
885 629 954 690 tum
977 630 1103 708 praeter
1125 644 1271 692 somnum

173 740 311 816 quatuor
343 738 469 800 tantum
503 751 601 825 annos
631 740 728 799 antea
760 734 900 799 vixisset.
953 733 1015 799 Sed
1045 735 1184 798 nondum
1214 734 1273 799 ille

171 843 291 910 Laertii
312 842 402 924 Diog.
432 846 543 908 auctor
576 842 716 923 singulas
745 860 797 907 res
827 843 872 907 ita
901 844 1108 924 disposuerat,
1141 848 1177 909 ut
1199 861 1272 909 eum

175 970 284 1019 somno
306 952 427 1016 clarum
451 951 570 1016 factum
593 968 663 1016 esse
684 950 811 1029 diceret,
834 970 898 1033 qua
920 969 1016 1016 causa
1028 952 1123 1016 etiam
1136 952 1197 1031 ille,
1219 952 1273 1032 qui

175 1080 248 1128 eum
271 1059 394 1124 tamdiu
416 1060 600 1125 dormivisse
622 1058 771 1138 putabat,
800 1060 927 1124 credere
955 1062 1082 1140 poterat
1104 1060 1135 1124 id
1154 1051 1281 1125 iactum

175 1188 242 1236 esse
250 1173 371 1252 postea,
394 1186 489 1248 quam
501 1166 622 1233 Solonis
643 1167 850 1248 temporibus,
871 1173 974 1246 antea,
998 1184 1094 1246 quam
1116 1186 1197 1233 anno
1211 1173 1273 1234 500

173 1277 315 1342 Athenas
348 1274 495 1341 venisset,
552 1274 612 1338 Alii
645 1275 733 1339 nulla
761 1275 886 1339 omnino
921 1275 1042 1340 ratione
1071 1275 1180 1340 habita
1213 1255 1274 1341 loci

173 1384 338 1463 Platonici,
360 1383 577 1465 Epimenidem
598 1402 704 1448 senem
718 1382 868 1448 Athenas
890 1385 1012 1448 venisse
1034 1383 1189 1462 dicebant,
1211 1400 1275 1463 quo
1330 1438 1333 1444 .

174 1494 295 1558 facilius
317 1511 467 1574 magnam
489 1493 557 1558 eius
578 1494 610 1557 in
630 1493 861 1558 commovendis
883 1493 1046 1557 hominum
1068 1493 1181 1559 animis
1202 1511 1276 1559 auc·
1344 1563 1348 1576 ,

175 1603 336 1686 toritatem
363 1600 567 1682 explicarent.

242 1709 245 1713 ’
276 1708 373 1775 Nobis
385 1709 490 1791 igitur,
518 1710 572 1789 qui
582 1707 724 1775 Platonis
739 1727 855 1773 annum
872 1727 934 1774 non
946 1713 1065 1775 rectum
1082 1710 1275 1776 essevideri-

174 1838 253 1898 mus,
276 1819 351 1884 lieet
371 1824 441 1884 arte
463 1819 517 1883 illa
538 1818 664 1883 detecta
686 1835 792 1883 omnes
814 1836 962 1883 numeros
985 1818 1145 1900 negligere
1166 1825 1200 1884 et
1215 1820 1277 1886 hoo

179 1947 276 1992 unum
293 1932 408 2006 tenere,
429 1927 512 2008 quod
532 1931 604 2008 post
619 1929 722 1992 scelus
741 1925 986 2009 Cyloniumeum
999 1921 1142 1994 'Athenas
1154 1928 1278 1994 venisse
1338 1927 1342 1935 '

179 2037 304 2102 scimus.
348 2035 432 2112 Quot
455 2036 545 2100 annis
566 2039 640 2100 ante
662 2033 808 2100 Solonem
835 2035 866 2099 id
895 2035 1015 2100 factum
1041 2036 1082 2101 sit
1110 2035 1277 2115 nescimus,

176 2143 322 2210 Solonem
346 2149 454 2209 autem
475 2144 529 2208 illo
554 2162 683 2210 munere
704 2162 785 2208 anno
806 2163 833 2208 a.
847 2143 881 2208 Ο.
897 2162 926 2207 1.
940 2147 1074 2231 5114τὸ.
1085 2171 1122 2198 --
1138 2145 1178 2209 ol.
1193 2147 1277 2228 46,3

175 2251 319 2319 functum
331 2270 409 2332 esse,
426 2251 591 2318 Sosicratis
602 2253 783 2319 testimonio
795 2251 861 2317 lere
875 2255 1001 2318 constat
1010 2254 1041 2333 ¹).
1064 2253 1112 2319 Ab
1123 2251 1182 2317 hoc
1194 2269 1278 2318 anno

175 2358 308 2428 derivati
338 2366 412 2427 sunt
432 2361 494 2440 illi,
526 2362 640 2442 quibus
671 2362 889 2442 Epimenidem
924 2361 1064 2428 Athenas
1095 2361 1279 2429 lustravisse

176 2471 298 2550 antiqui
320 2471 489 2560 scriptores
511 2470 649 2535 tradunt.
694 2470 744 2535 Ad
771 2489 866 2556 quam
893 2489 960 2536 rem
984 2475 1093 2552 aptum
1118 2475 1168 2537 est
1193 2470 1279 2550 quod

178 2580 325 2644 Leander
349 2577 493 2645 Milesius
524 2583 668 2650 nostrum
690 2584 811 2661 septem
833 2579 1025 2660 sapientibus
1047 2579 1278 2660 adnumeravit,

178 2705 312 2769 quorum
336 2706 452 2752 annum
474 2691 597 2754 certum
611 2687 676 2751 iam
691 2686 756 2752 dixi
778 2706 847 2755 esse
859 2691 920 2751 584
931 2708 960 2753 a.
973 2687 1005 2753 C.
1018 2708 1048 2753 n.
1069 2689 1154 2754 Num
1166 2706 1279 2753 revera

184 2801 242 2862 154
264 2787 364 2862 annos
389 2797 502 2862 vixerit
523 2797 689 2876 nescimus,
711 2814 808 2878 quam
825 2816 892 2864 rem
903 2815 943 2862 ne
955 2798 1140 2879 aequalibus
1151 2797 1278 2877 quidem

178 2907 259 2972 satis
281 2909 390 2970 notam
410 2905 507 2971 fuisse
528 2902 562 2969 af
583 2885 760 2970 amaverim.

280 3014 309 3096 §-
323 3018 371 3080 12.
415 3014 463 3079 De
491 3015 558 3094 ipso
579 3014 765 3094 Epimenide
786 3015 1007 3096 quaestionum
1035 3013 1129 3079 finem
1152 3012 1281 3080 facienti

177 3123 241 3188 noli
263 3123 368 3203 irasci,
391 3122 416 3188 si
437 3120 520 3187 forte
541 3122 708 3203 imaginem
731 3122 817 3189 illius
830 3122 868 3186 ab
880 3122 1061 3188 Heinrichio
1084 3123 1278 3204 propositam

108 3273 110 3278 -
178 3233 210 3296 in
233 3231 383 3312 memoria
405 3231 539 3314 habeas,
571 3230 653 3312 quod
674 3249 842 3312 personam
871 3232 910 3296 ab
942 3232 995 3298 illo
1018 3232 1151 3312 aliisque
1171 3228 1280 3296 fictam

179 3339 289 3418 delevi,
312 3340 432 3404 multas
454 3343 564 3404 contra
590 3357 640 3404 res
662 3339 718 3404 tibi
743 3341 775 3405 in
796 3341 915 3406 incerto
937 3341 1058 3421 reliqui.
1102 3340 1184 3404 Nam
1207 3358 1280 3405 cum

179 3448 286 3530 optimi
310 3465 415 3511 rerum
438 3448 609 3528 scriptores
631 3466 703 3513 eum
726 3466 788 3513 non
812 3448 940 3529 dignum
970 3450 1146 3527 crederent,
1184 3449 1280 3529 quem

118 3552 124 3624 l
181 3561 472 3635 commemorarent,
496 3554 611 3620 infelici
633 3574 710 3622 casu
730 3555 921 3635 factumest,
945 3564 981 3622 ut
1001 3557 1039 3623 de
1051 3575 1160 3625 somno
1171 3556 1280 3622 vatici-

179 3664 358 3731 nationibus
390 3663 474 3728 victu
501 3664 567 3730 eius
594 3662 704 3728 'multa
726 3664 901 3745 audiamus,
935 3665 973 3730 de
994 3664 1149 3732 institutis
1171 3667 1307 3731 autem

181 3771 249 3839 eius
272 3776 338 3837 tam
360 3792 462 3853 pauca
485 3778 522 3838 ut
547 3774 699 3854 suspicari
720 3776 822 3856 magis
845 3793 940 3854 quam
963 3776 1042 3842 scire
1065 3775 1183 3858 aliquid
1207 3793 1280 3857 pos·

182 3881 287 3948 simus.
332 3882 400 3959 Quo
422 3891 565 3964 tempore
586 3882 737 3950 Graeciae
758 3885 901 3951 civitates
923 3885 1061 3952 externis
1083 3887 1121 3952 et¹
1138 3885 1280 3951 civilibus

193 4179 194 4183 Ν
282 4101 308 4169 1)
328 4099 442 4154 ibidem.
463 4119 490 4171 p.
513 4102 575 4156 114.
