2724 4650
774 310 808 362 34

810 391 816 424 I

246 482 358 565 quibus
380 481 498 547 coniect
499 498 557 544 nra
571 477 764 561 Epimenidis
784 478 890 546 herois
904 496 1016 543 nomen
1039 479 1153 545 restirrt
1154 483 1223 544 turn
1246 483 1296 546 est
1308 480 1338 559 ¹)

247 590 326 657 Cum
350 593 479 655 101010
446 589 590 655 totlocis
608 591 729 654 constet
682 587 832 654 ttillum
844 587 1059 669 Epimenidem
1074 592 1145 669 post
1146 607 1183 652 ea
1194 589 1341 672 Buzyges

244 716 357 763 nomen
386 699 559 778 accepisse,
591 714 654 760 non
681 697 833 761 miramur
862 696 945 776 qnod
977 697 1031 761 alii
1059 697 1208 779 Buzygen
1240 704 1341 763 artem

247 806 357 872 arandi
377 805 533 872 invenisse
554 805 686 871 tradunt
708 813 740 870 et
751 803 909 870 Ausonius
924 822 1013 870 serae
1034 806 1150 871 aetatis
1170 813 1265 888 poeta
1281 824 1342 871 non

247 915 309 979 iam
331 916 480 997 anygen
501 919 534 980 et
556 912 772 995 Epimenidem
797 915 855 978 seit
875 913 1007 979 eundem
1029 932 1108 998 esse,
1128 913 1184 981 sed
1205 920 1242 979 ut
1264 915 1343 981 duos

248 1023 462 1106 agriculturae
474 1022 585 1088 heroes
600 1029 727 1103 praeter
739 1022 968 1104 Triptolemum
983 1023 1132 1089 nominat.
1153 1023 1219 1089 Nos
1233 1029 1342 1091 autem

200 1167 204 1181 =
246 1135 306 1199 hac
325 1135 358 1198 in
371 1152 406 1198 re
417 1137 483 1198 tam
495 1132 605 1219 longos
615 1149 684 1197 esse
699 1132 838 1210 oportuit
850 1132 932 1212 qnod
945 1131 1102 1214 Bossler2)
1125 1137 1157 1198 et
1168 1132 1343 1199 Mommsen

245 1242 266 1306 1.
279 1261 304 1308 c.
329 1245 410 1322 ple
430 1243 539 1307 nostro
561 1239 740 1321 Epimenidi
763 1239 847 1304 (heti
873 1245 983 1320 postea
1002 1241 1149 1323 Buzyges
1171 1259 1344 1322 cognomen

246 1351 357 1416 datum
374 1368 443 1416 esse
457 1351 565 1415 dicunt
578 1354 756 1431 propterea,
776 1350 859 1430 quod
870 1350 1017 1429 antiquas
1027 1351 1113 1432 leges
1128 1354 1159 1415 et
1170 1350 1345 1416 execratio·

245 1477 302 1526 nes
324 1459 482 1542 Buzygias
505 1457 627 1522 Solonis
649 1462 790 1539 tempore
809 1457 1027 1524 reformaverit
1049 1464 1082 1524 et
1112 1459 1344 1525 retractaverit.

225 1567 314 1633 nas
336 1572 368 1633 et
390 1569 468 1633 alias
492 1567 664 1647 opiniones,
688 1564 748 1631 hoc
768 1585 831 1630 uno
865 1565 1070 1632 fundamento
1096 1569 1182 1634 nisos
1213 1574 1246 1633 et
1272 1567 1345 1632 illas

249 1675 411 1742 Aristoteli
436 1674 611 1740 contrarias
632 1673 774 1738 ridemus
796 1672 892 1740 falsas
915 1693 993 1741 esse.

348 1801 375 1883 ᾗ.
390 1803 417 1866 5.
441 1799 474 1865 Si
488 1818 598 1864 verum
612 1803 695 1864 esset
712 1797 752 1877 id,
776 1799 859 1878 quod
871 1799 1040 1866 novissime
1051 1802 1223 1886 Bernaysss)
1245 1805 1346 1886 scrip

249 1912 300 1990 sit,
324 1909 561 1992 sacraBuzygia
575 1908 790 1973 anniversaria
811 1907 842 1971 in
855 1909 1137 1977 Cererishonorem
1159 1911 1244 1977 iacta
1266 1931 1347 1997 esse,

251 2038 312 2085 non
334 2019 512 2085 dubitarem
535 2018 610 2098 quin
625 2016 829 2083 Pausaniasl
850 2018 896 2096 14,
910 2023 930 2081 4
943 2019 1080 2086 eiusdem
1093 2021 1227 2087 nominis
1242 2024 1346 2104 specie

253 2128 412 2209 deceptus,
443 2131 583 2193 statuam
612 2127 744 2193 Athenis
776 2127 912 2208 positam
942 2128 1119 2209 Epimenidi
1147 2129 1236 2196 Oreti
1266 2131 1344 2196 falso

250 2235 404 2302 tribuerit.
448 2236 567 2301 Narrat
589 2236 673 2299 enim
692 2253 789 2314 supra
811 2234 930 2300 fontem
951 2236 1040 2301 illurn
1059 2221 1269 2303 clarissimum
1291 2239 1344 2318 qni

250 2345 473 2409 Enneacrunos
494 2348 624 2408 vocatur
646 2349 735 2406 trans
753 2341 879 2406 llissum
898 2341 1028 2406 llnvium
1050 2362 1121 2408 cum
1142 2344 1205 2408 alia.
1227 2344 1345 2426 templa

250 2451 357 2534 fuisse,
377 2456 448 2520 tum
459 2452 582 2519 Cereris
598 2457 630 2516 et
641 2451 848 2530 Proserpinae
862 2450 915 2515 ubi
930 2451 1026 2516 etiam
1038 2452 1223 2533 Triptolemi
1238 2457 1345 2518 statua

248 2559 355 2626 fuerit.
393 2561 488 2627 Cuius
503 2561 636 2626 historia
650 2561 753 2625 relata
777 2559 852 2624 dicit
873 2577 907 2625 se
921 2561 1041 2624 somnio
1052 2560 1244 2641 prohibitum
1266 2579 1345 2644 esse,

354 2833 382 2902 l)
399 2831 432 2885 ln
452 2831 555 2886 scholio
578 2831 738 2886 victoriano
762 2829 796 2883 ed
820 2829 934 2884 iliadem
955 2828 1044 2884 XVIII
1064 2832 1124 2901 483,
1147 2831 1195 2885 ubi
1214 2836 1273 2886 est:
1301 2837 1347 2887 καὶ

191 2907 198 3031 I
252 2947 367 2999 αροτρον
399 2928 431 2981 δὲ
459 2931 569 2998 πρῶτον
591 2927 648 2980 ἐκεῖ
673 2927 824 2996 (Eleusine)
843 2925 1001 2997 μαίνιδος
987 2948 1002 2979 o
1021 2931 1067 2980 καὶ
1083 2923 1219 2998 Βουζὺγης
1236 2929 1347 2995 ἔζευξεν,

195 3045 200 3121 p
252 3025 365 3080 Lobeck
379 3023 622 3092 Aglaophamosp.
633 3023 685 3076 209
698 3040 797 3076 nomen
810 3022 981 3091 Epimenidis
999 3040 1050 3091 pro
1069 3023 1196 3094 μαίνιδος
1212 3025 1347 3081 restituit.

250 3113 333 3175 [dem
337 3119 405 3174 fecit
417 3106 543 3173 Andreas
563 3119 647 3173 Schot
635 3119 730 3172 ttius
723 3137 752 3172 111
761 3116 878 3173 Ausonn
897 3118 1068 3187 ep1stola22
1086 3121 1181 3174 ubirn
1199 3124 1347 3176 1111111461

289 3217 496 3286 »Triptolemon
514 3215 581 3269 olim
601 3215 658 3270 sive
676 3216 785 3269 medem
803 3217 904 3270 vocant
922 3220 971 3269 aut
988 3216 1144 3270 Tullianum
1163 3217 1309 3287 Buzygem

251 3331 303 3385 pro
325 3315 463 3369 »medem«
490 3313 601 3382 scripsit
629 3312 849 3381 »Epimenidem«
875 3312 908 3366 ef.
935 3313 1036 3366 Moritz
1060 3309 1164 3382 Haupt,
1182 3313 1267 3369 Varia
1285 3332 1348 3370 nro.

251 3411 350 3466 LXIII.
387 3412 501 3466 Hermes
519 3409 544 3464 V
561 3428 588 3478 p.
600 3411 635 3463 34
647 3427 686 3479 sq.
725 3409 875 3478 Denique
868 3427 897 3462 rn
916 3410 1020 3464 scholio
1037 3409 1346 3467 10110101111101111178.

131 3486 174 3584 „f
253 3503 463 3578 »Βουζὺγηςὲ
431 3508 463 3561 δὲ
490 3500 591 3572 ἐκλήθη
619 3510 744 3577 νευμίτης
764 3503 912 3572 Ἀθηναίων
938 3507 992 3559 τῶν
1018 3499 1115 3575 πάλαι,
1140 3502 1215 3567 ὅστις
1239 3528 1348 3580 πρωτος

55 3581 93 3617 ⁰
70 3544 221 3674 ’,Ν
179 3575 234 3617 Μ
211 3588 342 3676 1ζὲῦγος
360 3606 467 3667 ἔζ.ευξεν
496 3599 579 3658 Ὀθεν
596 3605 642 3654 καὶ
658 3598 689 3654 τὸ
711 3584 826 3673 ἄροτρον
850 3599 932 3655 αὐτου
952 3599 1074 3656 ἀνέκειτο
1099 3603 1178 3657 ἐν
1146 3623 1177 3671 τη
1199 3599 1347 3672 ἀκροπόλει

251 3696 968 3774 πρὸςμνὴμην«,8111111111111110»νευμίτηςιιὶᾶθῐη
986 3715 1088 3753 nomen
1106 3701 1226 3768 scripsit.

351 3799 379 3868 2)
399 3797 470 3852 Lud.
483 3796 603 3866 Bossler‚
622 3796 657 3850 ds
675 3796 805 3867 gentibus
825 3799 854 3850 et
871 3795 983 3850 familiis
997 3795 1108 3850 Atticae
1117 3798 1346 3854 sacerdotalibus.

253 3897 323 3951 Dias.
342 3895 478 3950 Gissensis
498 3896 575 3948 1833.
593 3910 621 3962 p.
634 3895 665 3946 11
684 3896 742 3947 not.
756 3895 781 3948 9.
842 3963 846 3969 Ι
1032 3967 1039 3980 ¹

352 3993 380 4063 3)
399 3993 529 4061 Bernays,
548 3991 661 4046 Philone
675 3990 867 4060 Hypothetika
885 3990 942 4044 und
960 3990 1005 4044 dic
1017 3989 1280 4063 Verwiinsehungen
1298 3992 1345 4047 des

252 4089 376 4160 Buzyges
397 4089 428 4142 in
451 4089 550 4143 Athen.
586 4088 809 4169 Monatsberieht
834 4089 884 4142 der
911 4087 1015 4158 konigl.
1039 4087 1127 4144 Akte.
1152 4089 1179 4143 d.
1206 4090 1289 4145 Wiss.
1313 4109 1344 4144 zu

252 4186 354 4240 Berliu.
390 4185 551 4256 September
569 4184 627 4240 und
644 4186 764 4241 October
783 4186 860 4240 1876.
879 4205 907 4257 p.
916 4188 976 4243 604.
