2724 4650
20 43 99 163 μί
39 25 702 137 ,manumissam
677 25 798 137 sslll
782 25 1352 218 dimicationem

140 158 983 356 abonimantoassaiozpi
959 319 961 325 η
1048 244 1052 256 ·

195 588 339 649 nostrum
404 574 507 645 ’τινα
526 549 762 664 pamm
793 580 875 647 host'
852 585 913 647 tias
935 575 1119 651 humanas
1110 583 1240 664 unmlao
1241 600 1297 649 sse

195 694 306 758 auctoi
327 694 385 756 est
396 670 518 807 η
426 687 536 772 μῦσος
538 685 635 753 enini
648 685 812 772 significat
829 688 929 773 flagit'
920 709 985 756 ium
1005 694 1039 756 et
1061 691 1173 771 scelus,
1197 691 1297 771 quale

196 799 307 867 caedes
331 799 529 882 Cyloniorum
550 796 620 863 fuit.
665 797 714 862 De
728 816 791 878 qua
806 799 891 881 quod
905 798 1130 880 ThucydidesI
1145 803 1204 864 126
1219 817 1295 865 nar·

194 914 255 988 rat,
233 910 336 975 thoc
357 909 470 972 mirum
493 909 525 971 in
544 907 673 972 modum
696 908 870 972 consentire
892 926 963 973 cum
985 926 1035 987 eo,
1071 908 1156 990 quod
1182 908 1297 974 Lobon

196 1019 332 1099 Argivus
363 1016 574 1082 Eumenidum
605 1016 800 1098 templuma
833 1021 939 1081 nostro
971 1021 1189 1083 consecratum
1224 1035 1301 1083 esse.

195 1128 304 1207 tradit,
326 1130 437 1207 postea
464 1124 695 1192 demonstrabo.
738 1122 843 1188 Laert.
866 1124 961 1206 Diog,
980 1132 1087 1191 autem
1108 1127 1124 1190 l
1148 1129 1208 1189 110
1227 1125 1297 1209 pri-

197 1253 284 1300 mum
307 1251 378 1298 eum
400 1233 489 1299 iussu
509 1233 628 1298 oraculi
639 1231 781 1315 Delphici
803 1239 949 1299 vocatum
971 1233 1171 1317 pestilentiae
1186 1234 1297 1301 linien-

56 1383 59 1391 ·
136 1421 137 1424 η
197 1344 256 1410 dae
278 1346 374 1409 causa
393 1341 549 1425 quaedam
579 1340 732 1408 sacrificia
764 1341 874 1410 fecisse
893 1348 1011 1423 narrat,
1042 1344 1155 1410 deinde
1190 1343 1297 1411 addit:

198 1446 231 1518 οί
259 1450 295 1518 δὲ
320 1445 378 1540 τὴν
409 1446 525 1516 αίνίανΙ
542 1445 650 1515 εἰπεῖν
675 1451 734 1515 τοῦ
767 1450 888 1532 λοιμοί
912 1445 951 1516 τὸ
985 1445 1174 1517 Κυλώνειον
1205 1441 1295 1536 ἶν’γος,

198 1553 485 1661 oppetendam-'mlo
506 1550 703 1643 ἀπαλλαγήν.
746 1559 815 1626 Hoc
842 1561 910 1626 loco
933 1578 994 1625 uon
1021 1579 1189 1643 possumus
1211 1561 1298 1630 ferre

203 1670 427 1736 nominativum
448 1669 581 1751 pluralis
601 1666 821 1752 σημαίνοντες,
850 1670 905 1752 qui
926 1670 959 1733 in
980 1670 1137 1736 codicibus
1167 1671 1296 1753 legitur,

200 1781 332 1848 eumad
356 1797 454 1843 uuum
476 1777 606 1844 verbum
632 1771 664 1842 σί
685 1775 721 1841 δέ
741 1777 851 1844 refecti
873 1779 981 1860 possit.
1025 1780 1167 1860 ineptius
1185 1785 1298 1846 autem

70 1908 76 1916 ·
198 1889 360 1956 Laertium
382 1888 472 1970 Diog.
505 1888 665 1969 scripsisse
694 1887 867 1967 credimus,
900 1905 971 1953 cum
1006 1889 1096 1971 dicit,
1127 1889 1299 1957 nonnullos

200 2004 344 2066 auctores
373 2015 501 2064 causam
522 1996 720 2079 pestilentiae
751 1997 956 2080 appellavisse
988 1997 1090 2064 scelus
1120 1996 1299 2082 Opimium,

202 2105 426 2190 significantes,
457 2105 491 2170 id
522 2104 582 2169 hac
603 2104 766 2171 occasione
788 2107 950 2188 expiatum
972 2123 1049 2171 esse.
1091 2105 1212 2172 Deinde
1233 2125 1300 2174 nou

204 2219 288 2282 recte
308 2214 405 2281 verba
427 2207 460 2277 σί
481 2211 517 2277 δέ
537 2213 707 2294 coniunges
721 2232 792 2279 cum
821 2213 975 2279 infinitivo
997 2209 1113 2297 εἰπεῖν,
1133 2214 1186 2280 sed
1202 2215 1245 2281 ad
1260 2235 1302 2282 ea

204 2323 415 2406 supplendum
429 2327 477 2388 est
499 2320 590 2408 φασί,
612 2320 644 2385 id
666 2324 750 2402 quod
765 2328 839 2404 post
853 2316 885 2386 οὶ
896 2321 942 2403 ds',
954 2317 1036 2388 ibam
1049 2320 1085 2387 δέ
1096 2324 1179 2405 apud
1190 2323 1300 2391 Laert.

202 2434 292 2515 Diog.
315 2451 409 2515 saepe
430 2431 530 2513 deest,
552 2431 649 2497 etiam
678 2431 705 2497 si
725 2431 856 2498 verbum
879 2431 1001 2498 dicendi
1034 2449 1096 2497 non
1117 2435 1300 2500 antecessit,

156 2602 163 2619 ,
200 2543 253 2608 Ita
273 2539 379 2622 incipit
393 2540 459 2605 vita
471 2539 609 2630 Cleobuli
623 2538 709 2605 189:
731 2533 948 2622 Κλεόβουλος,
971 2531 1137 2624 Εὐαγόρου
1149 2540 1301 2620 Λίνδιος·

202 2643 433 2731 ὦς.δὲΛοῦρις,
456 2636 706 2729 Κάρ.”Ενιοιδε’,
729 2642 950 2731 είςἭρακλὲα
963 2649 1136 2736 ἀναφέρειν
1156 2645 1303 2734 τὸγένος

110 2822 113 2826 ,
203 2749 310 2837 αίοόν,
334 2757 388 2823 ubi
410 2775 471 2822 non
494 2758 596 2824 minus
618 2775 636 2822 e
657 2757 752 2823 verbo
786 2750 931 2841 suppleto
959 2758 1075 2841 pendet
1098 2761 1302 2827 accusativus

202 2887 274 2934 cum
284 2866 447 2933 infinitivo.
468 2865 582 2945 Itaque
596 2865 622 2930 si
643 2871 716 2948 post
726 2867 916 2948 particulam
928 2867 963 2932 δέ
976 2886 1099 2934 comma
1120 2869 1302 2950 scribimus,

202 2978 367 3056 quaeritur
388 2980 496 3040 utrum
516 2975 691 3040 subiectum
714 2976 755 3041 sit
777 2977 978 3058 Epimenides
999 2996 1040 3041 an
1062 2976 1188 3061 Pythia.
1219 2975 1302 3043 Cum

203 3090 310 3152 autem
332 3082 534 3150 verisimilius
556 3084 599 3150 sit
620 3083 713 3149 deum
723 3084 910 3166 Delphicum
931 3066 1178 3153 Atheniensibus
1201 3087 1303 3153 inter·

51 474 289 811 th
240 477 289 553 11,
312 476 362 554 28,
394 491 452 538 nec
481 472 576 538 aliter
596 472 701 537 Neant
701 470 758 538 hes
779 473 865 538 videt
851 478 905 538 tur
930 473 1077 554 sensisse,
1110 473 1352 570 ‘lniffl

204 3192 391 3277 rogantibus
415 3193 604 3274 respondere
627 3210 708 3274 quae
736 3194 834 3276 pestis
852 3212 949 3261 causa
969 3196 1026 3274 sit,
1054 3215 1148 3278 quam
1171 3195 1302 3277 Epime-

204 3306 307 3372 nidem
339 3304 406 3371 eius
438 3304 638 3378 auctoritate,
660 3305 786 3369 demum
819 3305 1008 3370 advocatum
1042 3304 1074 3369 id
1100 3323 1301 3388 cognoscere,

205 3415 315 3482 malim
337 3414 481 3497 suppleto
502 3414 628 3478 nomine
648 3413 783 3495 Pythiae
811 3413 908 3479 verba
939 3414 1021 3480 hunc
1043 3415 1075 3478 in
1102 3413 1230 3478 modum
1251 3413 1300 3479 in-

204 3524 318 3607 telligi:
341 3523 395 3588 alii
416 3527 523 3589 autem
544 3522 684 3602 tradunt,
707 3520 993 3606 Pythiamcausam
1013 3509 1223 3588 nominavisse
1245 3541 1301 3604 pe·

206 3633 323 3700 stilcnt'
299 3638 372 3699 t.1ae
417 3631 577 3698 Tumt
521 3637 577 3698 aut
578 3650 627 3696 em
648 3651 706 3713 pro
729 3631 939 3716 σημαίνοντες
963 3632 1103 3713 legemus
1134 3631 1179 3710 id,
1215 3632 1300 3713 quod

206 3740 334 3826 Kiihn1)
357 3740 521 3823 proposuit
532 3739 738 3844 σημαίνειν
711 3763 757 3805 σε
779 3739 1139 3820 Substantivumquodt
1140 3757 1191 3804 am
1206 3737 1301 3819 longe

208 3858 281 3934 spat
282 3852 312 3917 io
345 3851 520 3916 seiunctum
548 3817 837 3932 suppffiumt
789 3853 846 3929 est,
869 3867 930 3914 non
960 3848 1109 3914 abhorret
1141 3848 1302 3914 aLaertii

206 3961 297 4043 Diog
317 3978 444 4041 parum,
477 3961 513 4022 ut
539 3961 677 4037 constat,
712 3961 859 4024 accurato
885 3975 1000 4038 genere
1022 3956 1159 4027 dicendi:
1192 3961 1300 4021 tamen

306 4177 333 4248 1)
351 4175 394 4231 ed.
412 4175 528 4230 Hfibner
546 4175 573 4230 11
590 4192 618 4246 p.
628 4177 688 4230 637.
