2724 4650
612 316 656 401 1⁷..

86 507 149 570 que
187 494 220 556 et
251 488 470 572 gravissimam
503 504 759 562 commemorem,
800 484 839 552 de
872 485 1046 552 manifestis
1075 489 1183 553 autem

87 599 249 665 erroribus
270 598 455 682 plerumque
475 615 537 662 non
560 597 671 662 dicam.

538 861 735 869 ———-

609 1171 661 1239 II.

193 1334 223 1412 ἓ.
242 1337 268 1398 1.
292 1331 425 1399 Constat
444 1332 570 1417 quidem
592 1351 655 1400 uno
676 1333 815 1399 omnium
835 1338 1001 1400 auctorum
1022 1349 1186 1412 consensu,

88 1441 362 1526 Epimenidem
391 1442 507 1509 Creta
528 1443 568 1508 in
601 1442 732 1508 insula
762 1446 905 1510 natum
928 1460 1026 1523 esse,
1049 1441 1105 1507 sed
1129 1460 1184 1523 pa·

89 1552 188 1616 trium
212 1551 280 1617 eius
302 1550 451 1634 o'ppidum
472 1553 627 1618 incertum
657 1569 809 1618 essenon
832 1551 1034 1629 mirabimur,
1067 1550 1094 1616 si
1116 1567 1188 1615 con·

92 1659 352 1741 siderarerimus,
374 1678 414 1727 ne
437 1661 471 1726 in
492 1660 626 1727 Graecia
650 1660 776 1742 quidem
797 1659 912 1727 nedum
934 1658 1082 1726 increta
1113 1663 1189 1724 ante

90 1767 189 1833 finem
212 1769 330 1835 saeculi
351 1771 433 1835 sexti
448 1770 592 1836 extitisse
612 1769 787 1850 historicos,
810 1772 955 1835 nostrum
976 1773 1093 1845 autem,
1115 1772 1186 1833 cum

87 1895 186 1943 senex
206 1878 240 1943 in
253 1877 417 1944 Graeciam
439 1880 651 1962 processisset,
672 1878 885 1960 compluribus
906 1877 1031 1942 demum
1054 1876 1187 1942 saeculis

88 1990 164 2069 post
185 2006 205 2052 a
226 2005 333 2052 rerum
352 1987 574 2053 fabularumve
585 1987 789 2069 scriptoribus
805 1991 1082 2054 commemoratum
1105 2003 1185 2051 esse.

89 2095 136 2160 Ut
155 2095 250 2176 igitur
272 2096 348 2176 quid
368 2115 477 2162 verum
499 2097 541 2164 sit
562 2095 720 2162 affirmare
737 2115 799 2162 non
812 2114 947 2177 possum,
968 2097 1013 2161 ita
1034 2095 1108 2159 licet
1130 2094 1182 2160 de·

91 2210 263 2284 montrum,
286 2206 457 2271 secundum
479 2225 517 2272 ea
538 2225 619 2287 quae
634 2207 753 2272 tradita
775 2208 859 2286 sunt,
881 2205 1019 2270 Phaesto
1034 2203 1184 2271 maiorem

95 2314 317 2380 auctoritatem
350 2309 446 2394 quam
471 2314 572 2382 Gnoso
603 2333 672 2381 esse
701 2314 911 2382 tribuendam.
954 2314 1040 2379 Haec
1061 2312 1188 2393 quidem

92 2423 213 2488 maiore
233 2423 373 2488 locorum
389 2442 519 2490 numero
531 2423 777 2504 commendatur,
792 2442 863 2490 curn
876 2422 1024 2511 Gnosium
1045 2426 1189 2488 nostrum

88 2532 256 2614 appellent
279 2521 385 2598 Laert.
408 2532 499 2616 Diog.
521 2534 619 2617 1109,
635 2533 827 2615 Apollonius,
850 2532 998 2598 Valerius
1020 2530 1189 2606 Maximus,

92 2640 279 2707 Pliniusll.
292 2659 316 2707 c.
329 2661 364 2724 c,
388 2641 509 2720 Suidas,
533 2642 680 2721 Eudora,
701 2642 965 2719 Pausanias114‚
982 2644 1011 2720 4,
1034 2639 1090 2707 sed
1111 2639 1186 2719 quia

93 2753 231 2831 quatuor
241 2750 311 2817 illos
321 2752 441 2831 priores
454 2750 690 2834 Theopompum
706 2752 804 2833 sequi,
827 2751 957 2817 Suidam
973 2754 1005 2815 et
1016 2746 1188 2814 Eudociam

94 2859 228 2926 eundem
244 2864 339 2942 atque
354 2859 457 2925 Laert.
469 2859 560 2943 Diog.
581 2859 701 2928 fontem
722 2861 838 2928 habere
858 2864 953 2925 antea
967 2856 1191 2939 demonstravi,

92 2973 221 3050 praeter
242 2970 433 3036 Pausaniam
464 2989 546 3035 unus
566 2972 790 3053 Theopompus
812 2971 892 3038 libro
914 2974 1025 3036 octavo
1050 2964 1190 3032 Gnosum

94 3078 246 3144 nominat.
278 3078 327 3143 De
338 3076 474 3143 Phaesto
488 3079 603 3160 oppido
619 3079 694 3146 dicit
709 3078 822 3144 Strabo
836 3078 858 3142 l.
873 3096 898 3142 c.
915 3073 950 3141 ἐκ
963 3074 1022 3164 τῆς
1045 3071 1189 3138 Φαίστου

94 3179 153 3250 τὸν
173 3179 250 3263 τούς
275 3180 469 3268 καθαρμοῦς
494 3181 678 3276 ποιήσαντα
707 3182 761 3252 διὰ
782 3188 848 3251 τῶν
874 3183 964 3250 ἐπῶν
984 3174 1193 3265 Ἐπιμενίδην

95 3293 197 3381 φασὶν
215 3285 307 3376 εἶναι,
330 3300 362 3360 et
373 3296 565 3362 Plutarchus
578 3297 669 3362 initio
691 3295 923 3362 dissertationis
942 3310 1039 3375 quarn
1061 3292 1101 3357 de
1122 3308 1192 3355 ora-

93 3405 237 3472 culorum
259 3403 385 3470 deiectu
406 3405 561 3488 scripsit1)
584 3404 802 3489 etcapiteXlI
816 3401 1076 3470 ritaeSoloneae.
1113 3400 1190 3466 Inde

94 3511 145 3579 Jo.
168 3513 296 3578 Tzetzss
318 3513 482 3581 historiam
507 3514 547 3580 de
566 3513 762 3597 Epimenidis
783 3513 1008 3579 vaticinatione
1028 3527 1093 3574 una
1120 3525 1192 3575 cum

95 3623 222 3689 nomine
255 3622 405 3704 haustu).
453 3622 567 3705 Itaque
598 3643 670 3690 cum
697 3622 916 3718 Theopompus
950 3624 982 3685 et
1015 3617 1193 3685 Pausanias

97 3718 261 3812 Cnosum,l
276 3732 468 3854 Hermippus
489 3736 523 3799 et
555 3732 669 3799 Strabo
690 3719 864 3842 Phaestum
894 3728 1064 3808 nominent,
1090 3723 1195 3792 nentri
1243 3743 1267 3760 ‘

96 3840 394 3925 paruauctonute
415 3841 607 3923 scriptorum
628 3843 730 3919 maius
746 3844 940 3906 momentum
954 3837 1107 3905 tribuitur
1120 3834 1195 3914 quia

198 4094 225 4162 1)
244 4090 288 4147 ed.
306 4091 429 4160 Dirbner,
447 4091 499 4146 vol
518 4090 532 4146 1
549 4109 576 4162 p.
593 4090 656 4162 499,
673 4092 717 4146 29.

197 4188 226 4259 2)
245 4187 314 4243 chii.
332 4187 356 4243 V
376 4188 418 4258 18,
436 4187 489 4241 629
507 4204 547 4256 aq.
566 4187 651 4242 etiam
668 4185 805 4242 Eudocia:
825 4179 892 4238 κατὰ
912 4183 947 4237 δέ
962 4199 1036 4241 τινας
1051 4184 1193 4238 Φαίστιος.

1036 4297 1056 4358 2
