2724 4650
666 316 700 369 33

138 511 215 554 roco
250 485 288 554 δὲ
308 486 386 574 παρ’
418 478 531 565 αὐτοῖς
556 484 611 550 καὶ
632 479 650 551 ὁ
672 481 749 564 τούς
771 480 879 569 ἲερούς
910 475 1049 569 ἀρότους
1077 485 1236 553 ἐπιτελῶν

136 592 311 684 Βουζύγης.
340 599 402 663 Pro
421 590 443 686 ἢ
463 595 598 679 πρῶτος
613 596 761 661 Musurus
784 597 909 678 scripsit
930 593 948 660 ὁ
972 597 1115 681 πρῶτος.
1152 598 1237 665 Dicit

129 708 247 788 igitur:
283 705 445 789 ›issuzyges
478 705 571 770 heros
604 703 728 769 Atticus
757 703 813 786 qni
847 706 968 784 primus
1000 704 1094 772 boves
1127 711 1235 771 aratro

127 812 251 880 iunxitz
281 813 505 880 nominabatur
536 816 643 879 autem
676 812 889 895 Epimenides,
943 813 1035 894 hpud
1067 830 1146 894 quos
1181 814 1237 898 (sc.

128 924 353 1004 Athenienses,
377 940 509 1003 quorum
531 915 643 989 nomen
666 922 876 1005 supplendum
899 916 1236 1011 estevoce'Amadg)

116 1014 204 1098 'erat
224 1032 322 1097 etiam
344 1026 516 1116 Βουζὺγης,
540 1033 593 1113 qui
615 1051 722 1099 sacras
747 1033 906 1098 arationes
927 1030 1077 1115 perficit«.
1120 1032 1236 1099 Sacrae

126 1143 245 1207 autem
257 1142 427 1220 arationes,
442 1140 555 1221 quibus
568 1141 726 1223 agricolae
737 1147 908 1207 sementem
920 1139 1024 1207 faeere
1036 1140 1236 1225 iubebantur,

127 1249 269 1316 Athenis
290 1249 423 1332 singulis
444 1250 536 1315 annis
559 1254 610 1316 ter
633 1267 703 1314 cum
726 1250 922 1316 caerimoniis
944 1248 1072 1315 fiebant.
1093 1249 1233 1317 Primam

126 1375 216 1438 quae
228 1363 298 1423 erat
311 1375 408 1440 prope
419 1375 542 1422 sacrum
557 1353 720 1424 Minervae
734 1357 871 1429 Sciradis
881 1359 922 1424 ad
934 1355 1017 1425 viam
1031 1360 1234 1439 Eleusiniam,
1324 1367 1330 1375 ‘

129 1466 167 1531 in
199 1469 385 1532 memoriam
408 1467 528 1549 primae
560 1468 676 1552 segetis
709 1466 919 1534 Athenienses
954 1469 1133 1535 institutam
1165 1487 1236 1535 esse
1298 1501 1301 1508 ⁷

133 1576 296 1642 dicebant:
330 1577 433 1655 altera
462 1580 532 1641 erat
561 1575 593 1640 in
620 1594 697 1656 agro
724 1577 820 1642 Rario
849 1595 947 1660 prope
971 1577 1136 1656 Eleusina,
1165 1589 1245 1643 cum'

136 1681 370 1751 Eleusiniorum
382 1684 411 1747 in
433 1683 549 1749 fabulis
566 1689 649 1750 esset
670 1683 811 1751 hocloco
827 1689 945 1750 terram
959 1685 1095 1767 primum
1112 1689 1235 1751 aratam

137 1811 221 1860 esse:
250 1793 346 1858 tertia
375 1791 433 1859 sub
463 1810 535 1857 arce
559 1791 657 1858 fiebat
678 1812 697 1858 a
719 1797 814 1875 gente
836 1776 1046 1878 Buzygarum,
1077 1810 1155 1873 quos
1177 1794 1235 1858 Mi-

140 1919 267 1967 nervam
296 1895 444 1965 Πολιάδα
470 1904 572 1968 colere
598 1902 746 1969 doeemur
767 1903 836 1969 loco
860 1903 1007 1970 Aristidis
1016 1902 1051 1985 ¹).
1094 1902 1163 1980 Qua
1185 1920 1234 1968 oe·

140 2012 260 2077 rasione
290 2012 505 2077 execrationes
539 2012 697 2094 Buzygiae
728 2016 837 2077 contra
860 2030 913 2078 eos
933 2012 1232 2095 pronuntiabantur,

140 2123 189 2202 qui
231 2139 355 2187 summa
389 2120 596 2186 humanitatis
630 2125 798 2203 praecepta
833 2122 1037 2203 negligerent.
1090 2120 1236 2188 Proavus

137 2234 242 2296 autem
266 2229 480 2313 Buzygarum,
515 2247 585 2294 oum
608 2229 740 2295 otthonis
762 2230 905 2295 Minerva
937 2232 1005 2313 ipsa
1034 2235 1071 2296 ut
1100 2231 1234 2313 agricul-

136 2342 227 2405 turae
251 2339 312 2403 dea
344 2341 430 2403 culta
457 2339 512 2418 sit,
542 2339 675 2405 eundem
706 2339 809 2404 locum
841 2337 937 2404 habet
962 2356 1053 2419 quem
1085 2340 1234 2406 Eleusine

133 2446 350 2534 Triptolemus
359 2450 394 2532 2Β.
438 2450 552 2529 ltaque
584 2450 613 2514 ei
645 2449 698 2528 qui
727 2448 847 2530 primus
874 2448 969 2513 boves
1001 2453 1108 2514 aratro
1129 2448 1233 2513 iunxit

129 2574 249 2663 nummu
271 2563 342 2623 erat
363 2556 550 2638 Epimenidi,
571 2540 603 2620 id
624 2555 707 2640 qnod
729 2555 933 2622 confirmatur
952 2557 1020 2621 loeo
1042 2555 1150 2636 Servii,
1176 2558 1229 2636 qui

127 2668 173 2734 ad
196 2652 645 2749 VirgiliifsGJoifflQubi
680 2671 729 2732 est
762 2666 914 2746 iuncique
941 2668 1020 2746 puer
1040 2669 1235 2731 monstrator
1273 2667 1277 2744 ξ

130 2778 269 2857 aratri«,
292 2775 330 2840 de
352 2775 542 2857 Triptolemo
566 2774 695 2858 dictum,
718 2774 865 2839 adnotat:
895 2774 997 2854 »Ergo
1021 2773 1120 2839 Osiris
1140 2774 1235 2855 signi·
1274 2745 1277 2790 ¹

128 2883 251 2950 ficetur
270 2883 452 2950 uttPhilost
439 2884 596 2965 tephanus
628 2881 706 2966 περὶ
727 2875 932 2967 ευρημάτων,
960 2883 1012 2948 vel
1032 2882 1231 2964 Epimenides
1300 2897 1352 3008 hp)

131 2995 190 3075 qui
212 2999 284 3075 post
285 3011 323 3057 ea
335 2993 497 3095 Buzyges
491 2990 595 3091 dietus
611 2997 660 3057 est
646 2991 845 3058 stecundum
857 2991 964 3058 Aristo
966 2990 1098 3092 taleme]
1124 2988 1232 3056 Etiam

135 3085 398 3180 Aristoteles,
360 3101 448 3168 cuius
471 3120 530 3167 aue
531 3078 644 3167 toritas
664 3101 760 3166 hisrn
774 3068 1073 3178 rebusmsumniaest,
1096 3103 1235 3165 testatur

135 3230 249 3277 nomen
272 3211 433 3291 proprium
456 3209 534 3289 eius,
563 3226 656 3289 quem
689 3213 800 3291 postea
822 3209 969 3291 Buzygae
993 3209 1118 3274 nomine
1141 3226 1233 3273 vene·

137 3319 306 3398 rabuntur,
340 3317 558 3401 Epimenidem
586 3317 691 3384 fuisse.
734 3317 844 3383 Potuit
873 3322 977 3382 autem
1005 3315 1127 3397 antiqui
1147 3317 1257 3382 illius⁴

138 3419 241 3495 herois
253 3445 367 3494 nomeu
377 3445 455 3509 prae
469 3428 616 3509 Buzygae
631 3427 815 3507 cognomine
830 3425 895 3490 lere
916 3426 1045 3490 interire
1065 3429 1235 3508 propterea

138 3537 221 3618 quod
232 3555 319 3619 gens,
341 3555 422 3617 quoe
443 3537 483 3603 ab
506 3554 543 3602 eo
567 3537 717 3617 originem
739 3535 882 3615 ducebat,
908 3555 1079 3603 amunere
1099 3536 1153 3601 illo
1177 3554 1233 3617 pu-

138 3646 217 3712 blico
235 3646 436 3729 Buzygarum
461 3664 575 3711 nomen
595 3645 731 3728 accepit,
762 3646 845 3727 quod
872 3645 983 3712 deinde
1010 3646 1051 3711 ad
1073 3650 1233 3710 auctorem

137 3756 239 3837 gentis
269 3757 458 3821 translatum
490 3760 549 3822 est.
592 3757 641 3823 Ad
666 3774 746 3838 quos
775 3756 862 3823 locos
891 3754 1043 3822 accedunt
1071 3759 1136 3820 tres
1171 3753 1233 3834 alii,

238 4091 270 4161 ι),
283 4089 483 4144 melier-meva.
503 4042 598 4145 meat

236 4189 266 4258 2)
284 4187 390 4243 Ibidem
408 4205 436 4257 p.
447 4188 507 4244 642.
