2724 4650
640 295 675 347 45

110 471 194 536 rium
216 488 265 551 ep.
283 470 373 531 4111
407 484 536 532 munere
571 453 696 533 functus
730 470 778 532 est
799 467 837 531 ol.
860 469 909 544 56,
934 471 961 532 1.
996 467 1110 547 ltaque
1135 486 1206 533 cum

113 580 280 645 credamus
298 576 460 642 Chilonem
483 575 563 640 circa
586 574 681 639 1156
705 576 864 656 (556-53
887 595 913 639 a.
935 574 967 640 O.
987 578 1031 656 n.)
1054 567 1206 657 ephorum

110 687 219 768 fnisse,
236 691 346 768 postea
362 682 496 767 γέροντα
509 681 627 748 factum
641 701 718 763 esse,
740 702 802 771 non
821 701 972 765 negamus
989 684 1205 764 Epimenidem

113 801 208 864 antea
229 795 376 876 Spartam
407 793 540 858 venisse.
584 791 646 856 Sed
675 810 867 871 quamquam
896 791 1030 857 concedo
1060 809 1097 858 eo
1127 798 1206 858 tem·

112 926 188 989 pore
210 903 427 986 Epimenidem
450 900 574 982 ephoris
596 902 725 966 oracula
747 901 947 983 commisisse,
969 921 1032 967 non
1054 903 1146 968 eredo
1168 922 1206 969 ea

110 1015 192 1080 tanti
214 1011 364 1078 momenti
385 1009 491 1089 fuisse,
525 1028 596 1074 cum
628 1014 660 1074 et
687 1011 725 1075 de
749 1010 880 1074 aliorum
904 1012 1102 1076 oraculorum
1123 1013 1153 1076 vi
1174 1015 1207 1078 et

110 1123 307 1191 auctoritate
323 1139 386 1185 non
415 1120 550 1184 multum
572 1119 725 1184 traditum
747 1118 796 1200 sit,
828 1139 886 1187 nec
907 1126 1048 1186 nostrum
1071 1123 1207 1188 sciamus

110 1234 190 1300 alias
213 1234 244 1298 in
267 1230 427 1311 republica
449 1229 663 1310 componenda
684 1234 846 1294 versatum
879 1248 956 1297 esse.
1008 1228 1074 1295 Nec
1097 1231 1134 1294 iis
1156 1249 1205 1298 ac·
1251 1277 1252 1281 =

111 1343 196 1420 cedo,
232 1341 285 1421 qui
319 1339 569 1405 coniecturarum
602 1339 736 1403 audacia
757 1339 954 1405 exsultantes
976 1339 1131 1418 dubitant,
1166 1358 1207 1404 an

110 1453 151 1518 ad
189 1450 406 1533 Epimenidem
443 1446 582 1514 referant
619 1448 765 1529 quicquid
803 1448 1062 1514 caerimoniarum
1095 1455 1206 1530 postea

111 1560 299 1643 ephororum
322 1557 495 1641 potentiam
520 1558 666 1638 augebat.
702 1555 833 1622 Nullum
855 1559 937 1624 enim
959 1556 1025 1622 lere
1041 1576 1206 1639 argumen-

111 1675 179 1733 tum
200 1668 318 1732 habent
340 1685 434 1748 quam
454 1665 494 1746 id,
517 1667 602 1746 quod
621 1666 707 1731 aliud
729 1684 841 1732 nomen
864 1686 926 1732 non
948 1667 1101 1746 novimus,
1124 1685 1207 1748 quae

110 1797 162 1844 res
184 1777 217 1842 in
239 1782 304 1840 tam
327 1777 460 1841 obscura
483 1774 636 1841 historiae
658 1782 750 1856 parte
771 1777 898 1840 minime
920 1777 1000 1841 mira
1021 1782 1078 1842 est.

210 1885 352 1966 Denique
366 1885 542 1949 Pausanias
559 1884 607 1949 ΙΙΙ
624 1887 672 1962 12,
691 1888 727 1947 11
744 1885 851 1964 tradit,
873 1904 945 1949 eum
959 1885 1049 1951 iuxta
1064 1885 1206 1952 Sciadem

112 1995 280 2082 rotundum
305 1992 478 2059 aedificium
495 1993 678 2073 condidisse,
700 1993 732 2058 in
748 2012 810 2076 quo
833 1999 958 2060 statuae
979 1994 1097 2060 luerint
1123 1995 1205 2085 Iopis

113 2102 247 2187 Olympii
271 2107 303 2167 et
326 2101 455 2166 Veneris
478 2096 675 2182 Olympiaci
696 2101 813 2182 Venus,
837 2108 873 2167 ut
894 2101 959 2168 filia
981 2102 1105 2178 Diones,
1129 2121 1206 2182 qua·

114 2230 183 2277 cum
211 2196 422 2288 confunditur,
457 2211 568 2274 coniux
590 2210 672 2274 lovis
695 2216 743 2275 est
766 2215 798 2275 et
819 2217 855 2276 ut
876 2211 1053 2293 Aphrodite
1080 2212 1204 2277 eadem·

113 2339 174 2401 que
196 2320 281 2384 Hera
298 2319 431 2400 Spartae
456 2319 627 2388 colebatur.
671 2320 790 2385 Eadem
812 2319 935 2386 nomine
956 2315 1130 2405 Πάνδημος
1151 2340 1202 2387 us·

113 2448 174 2510 que
202 2429 242 2493 ad
266 2428 437 2527 Solonist
424 2435 549 2508 tempus
580 2428 711 2494 Athenis
743 2434 815 2493 cont
816 2430 971 2495 ionume
954 2430 1206 2513 etreipublicae

114 2538 174 2604 dea
188 2545 258 2603 erat
274 2538 326 2639 ¹.)
320 2516 501 2601 Duae
444 2542 501 2603 aut
502 2556 551 2630 em
572 2556 621 2602 res
636 2543 710 2603 sunt
712 2557 811 2618 ‚quas
828 2538 867 2603 ab
882 2537 1065 2641 Epimenide
1080 2539 1206 2621 ephoris

113 2598 378 2713 11111111111111
400 2624 545 2711 credunt:
518 2642 705 2727 tpiimum
727 2648 808 2711 enim
838 2633 963 2712 dicunt
932 2650 1042 2712 teum
1065 2648 1095 2713 id
1117 2647 1205 2714 insti-

112 2742 278 2821 tuissent
300 2753 406 2835 ephori
477 2753 624 2819 alamis
616 2772 649 2817 m
670 2756 787 2836 templo
813 2756 939 2834 Inus,
930 2774 963 2820 m
982 2772 1045 2835 quo
1067 2761 1100 2822 et
1123 2753 1206 2821 Solis
1270 2793 1276 2815 .

116 2869 149 2928 et
169 2863 345 2944 Pasiphaes
377 2866 503 2928 statuae
535 2880 651 2928 aeneae
683 2866 805 2945 positae
836 2862 977 2949 1111112)
1011 2865 1205 2944 incubarent,

114 2976 147 3038 et
167 2971 347 3038 utsomnia
369 2989 450 3051 quae
482 2970 524 3036 ibi
556 2972 706 3038 vidissent
692 2975 937 3039 toroculorum
972 2959 1091 3039 instar
1092 2969 1207 3040 existi·

1268 2817 1273 2869 l

1295 2933 1339 3015 ol

116 3065 280 3147 merentur
295 3080 333 3158 ¹¹).
388 3081 533 3145 Alterum
564 3086 638 3146 est
634 3081 728 3161 quod
765 3082 1073 3176 aPlutarebo¹)t
1059 3083 1158 3148 tradit
1144 3087 1207 3163 t,ur
1299 3124 1301 3130 -

115 3190 168 3270 qui
185 3208 239 3256 eos
261 3190 335 3255 dicit
321 3194 430 3254 tnono
446 3208 569 3270 quoque
591 3206 673 3255 anno
695 3197 786 3256 nocte
754 3192 897 3256 tilluni
919 3192 1039 3257 caelum
1063 3191 1207 3258 observa·
1278 3187 1285 3275 ξ

114 3288 195 3365 visse
228 3303 324 3380 atque
355 3316 426 3362 cum
460 3299 586 3363 stellam
620 3300 825 3380 praecipitem
858 3301 897 3366 de
932 3301 1017 3367 caelo
1048 3300 1206 3365 labentem
1283 3284 1285 3321 ²

109 3395 273 3486 uidissent,
304 3407 431 3489 regibus
453 3412 519 3472 tam
548 3408 601 3472 diu
622 3411 812 3488 potestatem
834 3385 997 3488 ademisse,
1017 3411 1117 3474 ¹donec
1138 3427 1208 3474 ora-

114 3518 183 3584 culo
198 3517 329 3600 Delphis
351 3517 401 3582 vel
414 3516 560 3598 Olympia
582 3516 679 3582 allato
694 3516 817 3581 liberati
835 3522 950 3583 essent.
985 3517 1053 3583 Has
1075 3521 1107 3583 et
1127 3517 1207 3583 alias

213 3788 240 3856 1)
258 3784 458 3841 Preller·Plew.
476 3785 561 3840 1300.
577 3785 629 3840 Ed.
645 3784 779 3852 Gerhard,
800 3785 1205 3856 Griech.Mythologie11854.

113 3883 137 3952 ᾖ.
148 3885 210 3951 364,
229 3885 246 3936 6
260 3882 286 3938 d.

211 3981 240 4052 2)
258 3981 339 4034 Pauo.
361 3979 402 4034 III
417 3979 460 4043 26,
481 3980 494 4030 1
515 3977 564 4031 ubi
582 3976 721 4031 Meursius
739 3993 791 4046 pro
809 3981 909 4049 Herpha
927 3977 1041 4046 scripsit·
1060 3969 1204 4048 Πασιφάη.

172 4061 641 4148 Ἴ)1111.’“Ᾰῇ1’”9ζ”01111111
660 4076 685 4128 7.
720 4073 775 4129 (lic.
794 4073 828 4129 de
846 4073 930 4129 divin.
948 4072 1017 4142 143,
1037 4057 1097 4127 96st
1186 4128 1189 4138 ,

212 4174 240 4244 4)
260 4173 332 4227 Plus.
351 4172 419 4242 ngas
441 4174 482 4224 11.

1277 3890 1348 3979 N
