2724 4650
611 285 695 364 „39

131 474 187 520 non
200 457 403 521 nominentur
416 452 480 540 ἔπη
490 456 545 523 sed
555 456 645 540 μέλη,
669 449 759 543 pidet,
782 452 886 540 νόμοι.
910 459 1023 526 Strabo
1047 460 1143 542 igitur
1154 477 1224 524 cum

129 564 207 630 illud
230 584 356 631 carmen
379 566 499 647 legeret
527 571 583 630 aut
608 585 720 631 nomen
748 567 815 633 eius
844 570 970 633 audiret
998 569 1056 635 hoc
1079 571 1119 635 ad
1139 570 1223 650 ipsas

126 674 330 739 lustrationes
362 676 497 756 putabat
523 676 732 755 compositum
765 695 833 742 esse
843 676 877 758 ¹).
940 678 1008 743 lam
1038 678 1078 743 ad
1102 683 1224 743 certum

126 783 220 846 deum
243 782 270 846 si
294 783 448 848 credimus
468 782 569 848 nostri
591 784 796 850 lustrationes
816 787 1013 868 pertinuisse,
1046 787 1223 867 Apollinem
1283 797 1284 800 ’

124 891 267 956 dicemus
282 893 346 973 ‘qui
381 885 472 958 deus
487 894 518 956 in
542 894 644 975 patrio
665 893 860 974 Epimenidis
882 896 995 977 oppido
1018 895 1233 977 coloraturpj
1275 971 1278 987 ι

128 1001 215 1066 cuius
238 1001 364 1066 oraculo
387 1021 458 1066 eum
484 1003 738 1067 commendatum
768 1021 838 1069 esse
870 1010 903 1069 et
935 1023 1003 1070 cum
1036 1005 1125 1070 cultu
1156 1005 1223 1070 eius

129 1107 294 1177 nonnullas
317 1111 520 1176 caerimonias
544 1112 711 1177 cohaerere
737 1112 887 1179 videmus.
936 1113 983 1179 De
1010 1112 1070 1179 hoc
1097 1115 1155 1178 deo
1176 1113 1224 1180 est

250 1314 567 1423 Ἷῖρδμαντις
588 1330 689 1396 δ’ἐστὶ
712 1332 765 1410 καὶ
785 1325 990 1416 τερασκόπος

327 1437 380 1501 καὶ
401 1417 507 1503 ἴοιῖτιιι
528 1428 638 1517 ἄλλοις
659 1434 819 1522 δωμάτων
828 1417 1026 1533 καθάρσιος.

231 1545 448 1627 Epimenidem
467 1533 627 1613 auctorem
649 1550 701 1615 vel
723 1533 1031 1615 sectatorffifuisse
1049 1550 1134 1614 illius
1155 1549 1225 1614 doc·

131 1655 240 1734 trinae,
263 1654 334 1720 inde
351 1675 371 1721 a
386 1659 511 1727 saeculo
523 1677 552 1722 a.
565 1657 598 1722 C.
611 1676 640 1722 n.
653 1662 742 1723 sexto
764 1660 796 1724 in
808 1658 902 1724 Italia
914 1677 932 1721 a
943 1657 1161 1741 Pythagoreis,
1193 1658 1225 1722 in

131 1761 263 1828 Graecia
274 1764 313 1828 ab
325 1764 469 1846 Orphicis
480 1765 671 1848 divulgatae,
693 1786 758 1848 qua·
767 1767 912 1833 dicebant
929 1768 1086 1832 hominem
1107 1769 1224 1831 natura

128 1871 305 1953 improbum
320 1874 415 1940 certis
434 1879 558 1940 tantum
570 1877 667 1942 initiis
682 1895 701 1940 a
724 1877 816 1957 culpa
826 1877 964 1941 'liberari
979 1895 1081 1958 posse,
1104 1881 1225 1942 nonest

128 1981 212 2060 quod
222 1983 398 2047 credamus.
421 1983 540 2048 Tamen
553 1986 581 2063 ii,
601 1985 656 2064 qui
672 1990 783 2066 postea
795 1985 1017 2050 lustrationum
1029 1990 1061 2048 et
1071 1984 1222 2064 expiatio·-

129 2107 206 2154 num
227 2090 336 2156 laudes
349 2092 582 2173 praedicabant,
603 2094 703 2159 multa
725 2096 765 2159 ad
777 2112 849 2158 eum
861 2095 1008 2159 videntur
1030 2093 1177 2159 retulisse
1192 2098 1225 2159 et

129 2200 260 2264 carmini
281 2201 319 2264 ad
341 2200 548 2281 Orphicorum
568 2203 722 2268 rationem
742 2204 913 2284 composito
930 2205 1029 2267 nostri
1049 2220 1162 2268 nomen
1179 2198 1244 2266 in?

130 2307 303 2388 scripsisse.
327 2308 524 2388 Quamquam
537 2310 631 2375 nimis
639 2310 734 2376 verbo
744 2312 860 2391 premit
872 2310 980 2377 Hoeck
995 2310 1042 2375 III
1054 2313 1123 2389 285,
1145 2310 1226 2390 quie

130 2419 197 2484 loco
220 2416 362 2497 Eusebii,
386 2435 448 2500 quo
470 2418 674 2485 lustrationes
696 2419 852 2502 Orphicae
869 2419 1137 2499 etEpimenideae
1161 2437 1225 2484 una

130 2526 304 2607 Apollineis
316 2533 523 2608 opponuntur,
544 2529 701 2592 concludit
710 2529 864 2609 Orphioas
881 2533 913 2593 et
925 2526 1145 2608 Epimenideas
1157 2545 1224 2592 eas·

130 2634 421 2702 demhabitasesse.
446 2635 1226 2718 PraetereaEusebiumconfidasnonmultoplura

133 2744 170 2808 de
191 2745 240 2809 his
253 2746 346 2812 rebus
358 2746 485 2811 scivisse
495 2764 590 2826 quam
601 2764 666 2813 nos.
698 2747 744 2810 lix
752 2746 959 2828 Orphicorum
970 2764 1029 2810 usu
1041 2745 1225 2826 desumptae

130 2857 202 2920 sunt
213 2854 309 2920 etiam
332 2872 423 2920 voces
444 2848 611 2940 τελεστικῆ
635 2853 784 2942 nominet
798 2848 1223 2938 noeopycoisswaPlutarohO,

129 2955 206 3052 ἀνὴρ
228 2957 382 3048 τιλεστής
404 2982 423 3027 a
448 2962 631 3029 Socratem
653 2965 865 3030 ecelesiastica
887 2964 1019 3030 historia
1040 2963 1150 3043 11116,
1168 2966 1224 3043 24,

129 3063 207 3162 αἰὴρ
230 3064 390 3155 ὀργιάζων
412 3093 431 3138 a
452 3072 627 3154 Nicephoro
648 3072 770 3138 Callisti
794 3074 875 3138 X26
897 3078 1078 3155 usurpatae.
1110 3065 1223 3157 τελετή

691 3186 696 3211 ι

230 3288 257 3357 1)
278 3287 403 3341 Eudoeia
420 3307 447 3357 p.
468 3288 531 3342 166:
568 3289 675 3359 ἔγραψε
694 3286 780 3342 πολλὰ
802 3289 903 3347 ἑκτικῶς
923 3283 1058 3360 μυστήρια
1072 3290 1121 3340 καὶ
1139 3290 1227 3356 αἰνιγ-

58 3390 61 3395 “
129 3380 242 3456 ματώδη
271 3389 317 3438 καὶ
342 3384 492 3457 καθαρτικὰ
521 3389 567 3438 καὶ
589 3379 666 3440 ἄλλα.
710 3386 742 3439 In
769 3386 862 3440 verbis
885 3385 985 3439 Suidae
1008 3384 1087 3454 signa
1109 3384 1150 3436 ita
1172 3383 1227 3437 dis·

128 3480 257 3551 ponenda
278 3485 356 3549 sunt,
385 3487 417 3535 ut
444 3476 633 3551 καταλογάδην
655 3499 712 3535 non
734 3481 814 3536 aliter
837 3486 921 3550 etque
948 3481 1047 3540 ἑκτικῶς
1072 3479 1108 3533 od
1132 3496 1227 3534 omnes

128 3579 218 3630 nostri
237 3578 323 3632 libros
341 3578 487 3646 referatur,
507 3578 639 3646 equibus
659 3578 714 3633 duo
739 3583 846 3632 tantum
866 3578 1002 3632 nominati
1021 3581 1098 3631 sunt:
1118 3577 1226 3646 ἔγραψε

119 3673 161 3738 ,δὲ
180 3671 267 3726 πολλὰ
285 3675 386 3734 ἑκτικῶς
414 3679 460 3727 καὶ
490 3670 686 3744 καταλογάδην·
706 3668 840 3746 μυστήρια
862 3692 921 3729 τινα
940 3677 985 3726 καὶ
1003 3669 1164 3744 καθαρμοὺς
1182 3675 1227 3726 καὶ

132 3763 198 3822 ἄλλα
216 3766 413 3842 αἰνιγματώδη.
448 3770 524 3838 Quae
537 3772 623 3825 uerba
641 3773 663 3824 si
683 3771 737 3825 alio
756 3771 899 3840 signorum
918 3769 1015 3823 ordine
1033 3770 1229 3840 intelliguntur

131 3864 185 3935 (ed
203 3865 366 3934 Bernhardy
389 3867 415 3921 lI
437 3886 463 3936 p.
474 3868 550 3937 435):
571 3867 699 3937 »scripsit
721 3867 808 3920 multo
831 3868 968 3934 versibus3
993 3865 1119 3920 oratione
1143 3882 1227 3936 prosa

127 3963 260 4031 mysteria
277 3962 412 4030 quaedam
432 3967 460 4018 et
478 3963 657 4018 lustrationes
676 3968 704 4018 et
721 3964 774 4018 alia
793 3963 932 4018 reconditi
949 3962 1132 4032 argumentic,
1150 3962 1227 4016 Stra-

129 4058 208 4114 bonis
217 4063 246 4114 et
255 4059 396 4115 Eudociae
407 4062 500 4115 verbis
517 4061 658 4115 contrario
678 4065 752 4128 sunt,
768 4059 800 4116 id
812 4061 886 4130 quod
896 4059 1085 4118 necessarium
1103 4075 1160 4113 non
1173 4062 1226 4119 est.

226 4157 253 4226 2)
273 4155 383 4220 Miiller,
401 4157 501 4212 Dorier
518 4158 603 4213 1208.
