2724 4650
595 357 630 410 19

71 525 114 592 ab
135 527 174 592 iis
197 525 253 607 qni
272 525 344 591 tnm
358 533 450 592 erant
463 525 641 593 hominibus
662 511 790 591 inienta
804 531 864 608 est,
883 527 1048 609 quodtam
1060 527 1169 610 singn-

68 636 171 701 larem
191 635 295 699 virum
316 651 379 699 non
398 635 555 715 putabant
576 654 616 701 ex
638 634 778 701 hnmana
793 640 895 701 matre
908 638 1101 717 prognatum
1114 635 1170 701 sed

68 745 133 811 dea
159 748 265 810 ortum
293 761 376 824 esse,
410 748 508 809 anta
532 745 742 825 posteriorum
775 752 952 825 temporum
987 742 1169 809 auctoribus

68 853 252 934 excogitata
272 856 332 935 est,
352 852 407 934 qni
428 853 524 919 etiam
547 853 626 919 alias
648 854 677 918 ei
697 854 918 920 commercium
936 871 1006 918 cnm
1021 853 1169 935 nymphis

68 961 168 1028 fuisse
187 965 329 1027 narrant

171 1069 220 1134 De
232 1087 373 1150 genere
393 1087 465 1136 cnm
480 1067 559 1134 nihil
582 1070 735 1135 traditum
756 1071 810 1190 sitl
818 1069 999 1152 putabimus
1020 1087 1092 1134 enm
1112 1075 1170 1136 ant

72 1178 537 1247 DoriensemautEteocretem
550 1177 657 1245 tuisse.
679 1178 745 1245 Nec
759 1197 840 1243 enrm
849 1182 977 1245 nostrae
995 1179 1171 1246 sententiae

69 1291 266 1356 contrarium
279 1288 426 1368 estquod
438 1286 657 1354 Scho'mannns
671 1287 701 1351 1⁸
718 1292 776 1352 321
790 1306 835 1370 sq.
848 1289 991 1355 dominos
1002 1287 1171 1356 Dorienses

69 1397 149 1462 dicit
160 1396 242 1463 bello
257 1400 383 1461 tantum
396 1414 433 1461 ac
445 1396 635 1478 reipublicae
646 1397 914 1463 administrandae
927 1397 1050 1463 deditos
1064 1395 1171 1479 fnisse,

70 1506 226 1588 neglectis
250 1505 393 1571 omnibus
407 1506 478 1572 aliis
498 1506 602 1573 rebus.
636 1507 698 1572 Illa
712 1506 859 1572 libertate
874 1513 1028 1587 qnantum
1042 1506 1171 1588 gloriati
1285 1528 1288 1533 ·

68 1616 138 1682 sint
159 1614 212 1679 isti
241 1613 309 1694 viri,
331 1614 472 1696 Hybriae
497 1614 615 1680 scolion
638 1615 678 1680 ab
701 1614 865 1681 Athenaeo
885 1616 943 1682 XV
955 1620 995 1680 20
1016 1617 1170 1681 traditum
1268 1605 1271 1609 “

69 1724 290 1800 demonstrat,
319 1721 374 1786 sed
395 1722 472 1787 nihil
497 1723 582 1787 aliud
607 1722 679 1787 inde
701 1726 845 1806 apparet
866 1741 963 1806 quam
986 1742 1098 1807 agrum
1118 1742 1171 1791 co·

70 1833 204 1898 lendum
215 1831 357 1912 aliosque
367 1831 491 1898 labores
502 1831 648 1898 manibus
663 1832 854 1899 exercendos
865 1832 1013 1898 subiectis
1024 1831 1171 1913 gentibus

66 1941 226 2007 committi
254 1941 364 2006 solitos
384 1959 464 2007 esse.
502 1940 684 2006 Doctrinam
703 1946 737 2006 et
759 1945 844 2006 artes
858 1959 879 2006 a
892 1941 1048 2006 nobilibus
1069 1941 1170 2022 magis
1281 1978 1284 1985 ·

67 2055 271 2131 contemptas
293 2067 361 2115 esse
382 2051 651 2132 quamapopulis
667 2050 814 2116 subiectis
836 2069 899 2115 non
921 2049 1076 2130 andimus,
1100 2068 1171 2114 cnm

66 2158 263 2242 praesertim
277 2157 438 2236 Theletus,
462 2176 555 2238 quem
578 2176 675 2223 nuum
698 2164 826 2240 poetam
847 2156 1027 2224 Cretensem
1048 2157 1172 2223 illorum
1203 2212 1208 2221 .

75 2273 256 2350 temporum
280 2268 431 2346 novimus,
453 2265 613 2333 Doriensis
636 2267 742 2333 fuerit.
785 2268 891 2348 Atque
921 2285 979 2350 ego
1005 2268 1110 2334 neseio
1131 2285 1172 2333 an

72 2377 204 2442 omnino
224 2394 287 2442 non
308 2375 469 2442 refutandi
488 2376 553 2441 sint
573 2377 604 2453 ii,
629 2377 683 2458 qui
703 2377 853 2444 dixerunt
873 2378 1093 2459 Epimenidem
1118 2397 1173 2461 pe·

75 2486 216 2552 rioecum
240 2483 347 2562 inisse,
370 2486 446 2565 quia
464 2504 581 2566 puera
601 2492 693 2568 patre
712 2487 779 2552 ovis
801 2487 999 2567 quaerendae
1021 2505 1118 2552 causa
1140 2490 1174 2553 in

75 2613 191 2677 agrum
215 2593 331 2660 missus
352 2594 404 2659 sit.
436 2591 568 2660 Constat
590 2596 673 2660 enim
695 2613 749 2660 eos
770 2615 790 2660 a
811 2614 884 2662 vero
905 2596 998 2678 longe
1014 2596 1172 2675 aberrare,

71 2704 130 2786 qni
151 2703 292 2786 singulas
311 2711 362 2770 tes
380 2721 420 2769 ex
436 2702 569 2768 historia
589 2701 733 2771 fabulosa
748 2709 785 2770 nt
803 2723 896 2771 veras
910 2706 1079 2771 desumant
1093 2705 1173 2772 alias

70 2813 191 2880 fabulis
211 2814 431 2879 adnumerent.

176 2923 243 2988 Nec
268 2939 344 2987 vero
373 2921 537 2986 literarum
563 2921 676 2987 studiis
698 2927 731 2986 et
751 2922 895 3003 magistri
916 2925 1095 3005 praeceptis
1117 2924 1173 2990 sed

75 3036 196 3110 natura
220 3036 252 3097 et
272 3028 378 3095 indole
397 3033 542 3094 nostrum
564 3032 603 3095 ad
626 3049 697 3097 eam
717 3049 814 3112 quam
835 3029 969 3097 laudant
989 3031 1176 3112 dignitatem

78 3143 212 3206 auctum
227 3157 305 3218 esse,
330 3143 457 3221 praeter
468 3137 682 3221 Pythagoreos
692 3138 732 3203 de
744 3139 859 3219 quibus
872 3139 960 3203 initio
970 3139 1046 3219 dixi,
1067 3159 1175 3208 omnes

73 3248 264 3314 concedunt.
299 3246 458 3313 Maximus
478 3248 595 3332 Tyrius
615 3248 743 3313 demum
764 3248 793 3325 (I
808 3252 868 3312 285
881 3249 956 3313 etlI
971 3252 1031 3313 222
1047 3249 1175 3333 Reislre)

78 3356 298 3438 Epimenidem
319 3355 396 3423 facit
418 3361 617 3438 narrantem,
650 3374 684 3422 se
708 3362 853 3436 tempore
873 3359 975 3423 somni
996 3355 1080 3424 illius
1107 3357 1175 3423 diu·

73 3466 184 3542 turni,
206 3466 252 3532 ‚de
271 3471 466 3546 quopostea
487 3464 642 3545 dicemus,
674 3465 749 3531 deos
775 3464 958 3531 convenisse
979 3469 1014 3531 et
1045 3467 1175 3532 deornm

75 3575 185 3642 Verba
196 3573 306 3658 (θεοῖς
317 3573 372 3638 καὶ
384 3577 478 3639 θεῶν
488 3568 609 3658 λόγοις)
622 3578 655 3638 et
664 3574 838 3640 Veritatem
850 3574 950 3656 ipsam
965 3580 998 3641 et
1007 3575 1175 3643 Iustitiam.

179 3681 279 3749 Porro
291 3701 385 3764 quem
395 3683 600 3750 locumCreta
612 3685 642 3748 in
655 3683 759 3748 insula
769 3681 917 3748 habuerit
929 3689 963 3749 et
972 3702 1035 3767 qno
1046 3705 1176 3753 munere

75 3790 209 3859 functus
227 3794 270 3858 sit
285 3794 395 3860 eseris
417 3794 607 3860 testimoniis
630 3792 734 3874 magis
750 3793 849 3858 conici
869 3796 984 3874 potest,
1004 3798 1176 3877 quamtra·

74 3900 171 3967 ditur.
215 3901 358 3967 Primum
380 3902 464 3968 enim
486 3902 595 3968 fabula
616 3901 671 3966 illa
700 3901 892 3995 Tireopompi
914 3920 996 3982 quae
1022 3908 1071 3969 est
1092 3905 1178 3985 apud

74 4010 184 4079 nocet
205 4010 324 4092 Diog.I
347 4016 405 4076 115
426 4009 592 4095 significat,
622 4012 730 4076 Iovem
750 3994 790 4074 ab
812 4027 849 4074 eo
869 4010 990 4076 cultum
1014 4030 1091 4093 esse,
1114 4031 1177 4096 qua

74 4105 326 4201 namatffiscnm
340 4118 485 4200 nymphis
496 4101 781 4184 fanumeistfire‘re
794 4115 900 4199 vellet,
915 4132 1025 4182 vocem
1035 4116 1075 4183 de
1088 4119 1177 4185 caelo

74 4229 219 4296 auditam
242 4246 313 4296 esse
332 4228 483 4309 iubentis,
511 4227 545 4292 id
565 4224 1173 4336 [¹9¹³.}¹Y¹¹¹P¹1{⁸L³d,„1ff[⁰⁰⁰⁸⁰⁰fffi·

1201 4034 1264 4227 i,

1253 4230 1257 4239 ι

1201 4244 1204 4269 Ε
1249 4242 1254 4257 Ι

1203 4277 1206 4285 ι
