2724 4650
679 306 713 357 10

143 475 345 559 scriptoribus
367 477 521 543 traditum
543 495 620 555 esse,
644 428 860 558 Epimenidem
877 475 1061 557 postscelus
1076 473 1240 558 Cylonium

143 584 440 651 Athenasvcnisse.
486 586 539 650 Ita
560 584 776 666 cxHermippi
791 584 1076 670 vitaEpimeuidea
1092 584 1122 647 in
1138 586 1241 647 trans-

41 715 45 724 ’
143 711 238 761 cursu
248 694 400 758 nonnulla
412 694 451 761 de
462 695 529 761 eius
540 695 607 760 vita
621 694 776 774 describit,
793 699 826 760 et
840 692 1044 774 epistolarum
1060 693 1240 774 exemplum

106 814 108 820 ’
143 805 270 870 secutus
300 803 517 884 Epimenidem
551 801 674 869 Solonis
707 804 844 869 amicum
874 800 971 866 fuisse
1003 806 1237 868 commemorat.

101 908 106 918 '
142 909 235 974 Initio
256 909 367 990 capitis
390 908 469 974 XIII
494 908 532 973 ad
554 909 652 974 vitam
669 907 836 975 Soloneam
851 907 935 974 redit
954 916 1123 993 postquam
1145 914 1184 977 ea
1204 912 1238 977 in

143 1019 325 1084 memoriam
354 1019 531 1098 revocavit,
561 1036 644 1099 quae
672 1023 746 1084 ante
773 1019 965 1100 Epimenidis
994 1022 1092 1086 vitam
1114 1021 1146 1084 in
1178 1020 1240 1087 fine

142 1133 346 1208 exposuerat:
395 1121 434 1192 Οί
455 1124 491 1192 δὲ
522 1119 696 1213 Ἀθηναῖοι
732 1130 790 1213 τῆς
813 1127 1002 1194 Κυλωνείου
1028 1129 1241 1216 πεπαυμένης

142 1239 282 1322 ταραχῆς
296 1236 350 1300 καί
363 1232 595 1319 μεθεστώτων,
614 1231 726 1319 ὥσπερ
748 1231 882 1322 εἴρηται,
906 1241 972 1302 τῶν
988 1237 1109 1323 ἐναγῶν
1123 1258 1149 1306 e.
1168 1257 1198 1320 q.
1214 1258 1238 1305 a.

142 1347 248 1428 Atque
269 1365 342 1413 cum
364 1352 458 1413 antea
485 1346 661 1413 laudaverit
682 1346 721 1412 ab
742 1347 929 1431 Epimenide
956 1348 1037 1415 cives
1059 1349 1242 1416 concordiae

141 1456 333 1523 amantiores
356 1455 457 1523 factos
478 1475 556 1540 esse,
581 1457 645 1526 tam
665 1455 768 1523 denuo
789 1458 901 1525 seditio
924 1458 1109 1525 exardescit.

242 1563 307 1630 Nec
328 1565 431 1632 minus
453 1564 618 1648 Hermippi
644 1566 729 1631 vitae
748 1585 914 1648 expressae
936 1571 1011 1634 sunt
1034 1584 1053 1630 a
1075 1566 1239 1633 Demetrio

142 1674 297 1758 Magnete,
320 1674 373 1756 qui
394 1693 476 1740 aune
498 1693 527 1740 a.
551 1673 584 1740 O.
605 1695 636 1740 u.
661 1680 701 1742 43
724 1674 946 1758 πραγματείαν
966 1677 1033 1741 τοῖν
1057 1669 1241 1757 ὁμωνύμων

143 1783 299 1849 adfinem
323 1783 484 1868 perduxit,
507 1784 558 1850 cui
593 1771 711 1850 indices
739 1784 891 1850 librorum
921 1789 954 1851 et
982 1784 1242 1869 homonymorum

143 1893 324 1973 multasque
357 1893 437 1959 alias
463 1910 515 1957 res
547 1891 706 1957 dehemus.
755 1891 889 1959 Constat
915 1893 981 1958 fere
1010 1893 1058 1958 ah·
1076 1911 1112 1958 eo
1135 1894 1240 1960 locum

143 2002 279 2068 Lobonis
302 2002 423 2083 Argivi,
446 2002 500 2081 qui
523 2005 572 2068 est
585 2002 691 2068 Laert.
709 1999 800 2084 Diog.
813 2003 915 2083 1112,
937 2008 1100 2085 receptum
1121 2002 1240 2084 esse¹):

143 2111 199 2178 sed
214 2111 353 2194 ineptam
372 2109 567 2192 Epimenidls
586 2108 752 2190 epistolam
773 2111 900 2191 sprevit,
922 2130 994 2177 curn
1010 2129 1090 2177 nova
1106 2111 1239 2178 dialecto

145 2219 251 2286 Attica
262 2219 480 2301 Epimenidem
495 2219 618 2283 videret
632 2216 767 2289 scrihere
781 2238 843 2285 non
864 2220 1003 2301 potuisse
1009 2220 1045 2303 ²).
1084 2220 1113 2284 N
1116 2239 1151 2286 ec
1165 2239 1239 2285 vero

140 2322 327 2412 Laertius
349 2328 454 2410 Diog.
477 2328 581 2409 ipsum
602 2327 688 2393 illius
709 2346 789 2408 opus
812 2329 903 2411 legit,
931 2348 1002 2395 cum
1025 2347 1087 2393 non
1109 2329 1238 2394 dubium

83 2467 84 2470 ¹
142 2439 184 2505 sit
204 2439 280 2519 quin
292 2438 459 2505 Nietzsche
480 2437 499 2502 l.
516 2455 541 2502 c.
555 2437 589 2503 in
605 2437 787 2504 universum
809 2436 1103 2520 recte-scriptorum
1125 2438 1254 2504 scriem·

142 2548 350 2627 constituerit,
364 2547 420 2614 sed
431 2547 571 2613 maxima
582 2546 636 2612 illa
647 2565 753 2611 rerum
770 2546 859 2630 copia
871 2546 1028 2627 descripta
1043 2551 1092 2612 est
1102 2566 1122 2614 a
1133 2547 1241 2613 Diocle
1327 2591 1330 2603 ·

142 2656 301 2739 Magnete,
323 2657 376 2736 qui
388 2655 522 2722 Neronis
531 2660 673 2737 tempore
688 2650 869 2744 ἐπιδρομὴν
884 2656 950 2717 τῶν
964 2648 1160 2741 φιλοσόφων
1176 2656 1240 2722 edi-

143 2763 199 2830 dit.
243 2764 376 2829 Praeter
395 2764 478 2831 hanc
498 2768 532 2830 et
552 2759 745 2847 πάμμετρον
766 2763 907 2830 eiusdem
930 2762 1097 2831 Nietzsche
1126 2765 1201 2831 dicit
1221 2783 1241 2830 a

143 2873 270 2939 Laertio
294 2872 386 2954 Diog.
408 2890 506 2937 unum
527 2869 592 2936 iere
615 2888 798 2953 expressum
818 2888 888 2936 csse
907 2871 1140 2937 Favorinum
1161 2871 1240 2938 Arc·

144 2982 348 3065 latensem³)‚
374 2982 429 3062 qui
457 2979 528 3045 Auli
552 2978 643 3044 Gellii
668 2983 835 3060 cognatus,
868 2979 997 3045 Traiani
1024 2984 1057 3045 et
1085 2980 1240 3046 Hadriani

140 3091 337 3182 temporibus
349 3082 564 3173 παντοδαπὴν
579 3081 768 3169 torcularet
779 3079 1122 3171 Ἀπομνημονεύματα
1143 3090 1239 3172 scrip·

38 3280 39 3283 Ἴ
140 3201 193 3282 sit,
217 3204 387 3282 utrumque
400 3199 515 3264 librum
535 3197 664 3280 plenum
679 3196 985 3263 narratiuncularum
1000 3204 1036 3265 et
1050 3198 1239 3265 fabularum.

141 3308 241 3387 Quem
264 3313 426 3375 auctorem
448 3325 573 3389 semper
592 3307 704 3372 Laert.
720 3306 811 3389 Diog.
832 3306 984 3385 nominat,
1008 3308 1067 3374 nisi
1087 3307 1141 3373 ille
1161 3307 1240 3374 alios

139 3418 207 3500 ipse
224 3416 393 3500 scriptores
406 3417 601 3494 laudaverat,
624 3414 656 3479 id
677 3414 761 3497 quod
777 3415 919 3481 videmus
938 3416 1037 3496 1111,
1059 3415 1113 3481 ubi
1127 3419 1238 3481 narrat

139 3532 218 3610 quot
238 3544 337 3592 annos
358 3525 574 3606 Epimenidem
603 3522 718 3590 vixisse
748 3523 937 3590 tradiderint
966 3523 1108 3604 Phlegon
1130 3523 1239 3591 Cretes

140 3634 363 3718 Xenophanes.
407 3632 592 3715 Phlegontis
614 3633 697 3697 enim
726 3631 878 3698 Tralliani
905 3632 1059 3711 libellum,
1093 3651 1187 3715 quem
1209 3633 1238 3701 is

239 3805 267 3875 1)
285 3802 381 3857 Laert.
399 3801 481 3871 Diog.
500 3800 574 3855 134.
610 3799 758 3855 Nietzsche
776 3799 828 3855 Rh.
849 3800 887 3854 M.
906 3798 994 3857 XXIV
1013 3818 1040 3870 p.
1055 3802 1113 3855 186.

239 3898 267 3968 2)
286 3897 380 3953 uaera
400 3897 481 3969 Diog.
500 3897 513 3952 I
535 3897 593 3951 112.

239 3995 273 4066 3}
285 3993 373 4070 Ernst
392 3992 502 4063 delre,
526 3992 617 4048 Ueber
635 3992 680 4047 die
701 3992 826 4062 Gettung
846 3992 896 4071 der
905 3987 1188 4065 Ἀπομνημονεύματα
1206 3993 1245 4066 ἰυι

84 4090 120 4164 ‘J
140 4063 190 4146 der
208 4072 317 4161 ρ’·ίξοῌ.
339 4088 490 4144 Literatur,
532 4088 766 4159 Brandenburger
787 4089 952 4160 Programm
977 4091 1054 4146 1857.
1079 4107 1106 4159 p.
1118 4091 1233 4144 20-30.

55 4250 56 4253 a
139 4190 167 4252 a
183 4186 229 4249 nr.
248 4171 403 4255 ruiramus,
422 4184 475 4240 an.
494 4186 532 4239 n.
552 4184 642 4243 xxiv
659 4203 688 4255 p.
699 4186 850 4243 cra-cra.
