2708 4636
668 292 701 344 14

135 460 337 546 Pythagorae
364 460 508 545 discipuli
531 462 743 542 nominantur,
778 459 973 528 adverbum
998 461 1083 534 inter
1107 476 1142 526 se
1164 474 1237 525 con·

134 571 274 651 sentiant
287 571 320 648 1).
365 569 455 647 Quod
478 575 585 637 antem
606 570 719 636 Iambl.
743 569 773 652 5.r
783 572 843 633 104
853 569 994 650 Eurytus
1016 566 1152 633 Philolai
1173 566 1238 632 dis-

134 677 264 760 cipulus,
287 677 451 760 Zaleucus,
473 679 675 760 Epimenides
698 679 848 744 dicrrmnr
868 677 1069 762 Pythagorae
1091 675 1239 756 discipuli

137 785 242 867 luisse,
266 788 324 853 hoc
343 787 384 853 ab
406 787 578 854 Iamblicho
600 787 671 869 ipso
692 787 854 853 inventum
877 805 947 854 esse
957 783 1233 852 RohdeRh.Mua.

138 894 176 961 N.
192 896 228 962 F.
239 896 361 962 XXVII
373 900 411 960 37
424 914 486 961 non
498 898 565 962 sine
576 916 694 980 magna
707 897 775 963 veri
787 898 890 978 specie
912 897 1053 963 conlacit.
1086 896 1135 961 Ea
1148 893 1236 960 deni·

134 1023 196 1088 que
217 1006 366 1083 narratio,
389 1023 471 1088 quae
496 1004 524 1087 ἓ.
537 1010 597 1070 222
622 1007 766 1088 sequitur
784 1024 864 1090 eam,
887 1024 951 1086 qua
966 1006 1164 1088 Pythagoras
1188 1004 1235 1084 di-

133 1116 218 1181 citur
238 1133 353 1196 magno
379 1115 483 1180 animo
505 1116 596 1180 minis
616 1115 793 1181 Phalaridis
824 1116 990 1194 restitisse,
1020 1119 1053 1180 et
1075 1129 1157 1194 quae
1180 1113 1235 1178 vix

134 1225 273 1291 dubitari
287 1228 394 1307 potest
415 1226 490 1305 quin
501 1226 666 1308 ApollonIo
686 1225 852 1306 debeatur,
872 1229 929 1290 ant
950 1224 990 1289 ab
1013 1223 1122 1290 eodem
1137 1222 1235 1306 Apol·

135 1335 222 1400 lonlo
251 1334 326 1401 ficta
358 1341 407 1403 est
429 1341 488 1402 aut
510 1335 551 1402 ab
572 1335 745 1401 Iamblicho
767 1335 917 1399 inventa,
946 1331 1006 1396 Illo
1023 1336 1160 1407 auctore
1173 1329 1235 1412 §.7

135 1442 353 1526 Epimenidem
375 1445 452 1512 dicit
472 1445 595 1525 testari,
618 1444 834 1528 Pythagoram
854 1440 1012 1524 Apollinis
1032 1439 1132 1505 fihum
1153 1457 1236 1506 csse.

135 1553 248 1635 Itaque
269 1552 358 1618 vides
368 1552 584 1640 Pythagoreos
604 1552 675 1619 illos
697 1553 738 1617 ad
761 1552 926 1617 historiam
949 1551 1049 1616 nostri
1063 1539 1244 1616 restituen?

134 1660 616 1743 dam-nihilomninoprodesse.
729 1672 731 1675 ·

165 1826 167 1829 ,
236 1768 364 1836 Semina
398 1771 510 1836 laudat
528 1770 643 1861 locum
665 1769 849 1835 Aristotelis
881 1770 920 1836 de
952 1767 1015 1835 alio
1041 1767 1238 1851 Epimenide,

139 1898 209 1945 cum
233 1896 295 1959 qno
322 1880 525 1945 consentiunt
538 1878 712 1961 Hesychius
732 1897 798 1945 av.
821 1872 986 1963 Βουζύγης
1012 1884 1046 1945 et
1067 1877 1239 1944 Ausonius.

136 1987 296 2053 Nonnulla
309 1986 446 2054 afferunt
456 1987 645 2054 schohastae
656 1987 696 2052 ad
707 1987 893 2068 Euripidem
908 1987 1094 2053 Aeschinem
1104 1986 1235 2068 Apollo·

135 2095 223 2162 nium
234 2096 391 2163 Rhodium
402 2097 603 2162 Theocritum
614 2097 799 2177 Luctanum,
823 2096 1011 2163 Ammianus
1029 2095 1237 2162 Marcehinus

137 2204 275 2272 XXVIII
291 2210 321 2287 4,
345 2205 541 2284 Eustathius,
573 2205 713 2270 Tzetzes.
755 2203 911 2271 Eusebius
936 2204 969 2271 in
994 2204 1139 2272 chronico
1161 2222 1239 2271 eum

135 2320 211 2381 ante
232 2315 379 2382 Solonem
401 2314 584 2381 archontem
600 2314 744 2380 Athenas
767 2315 892 2381 venisse
912 2321 1016 2398 putat,
1048 2333 1239 2382 commemo·

136 2431 252 2505 ratque
273 2425 406 2491 eundem
430 2425 463 2491 in
484 2443 592 2508 praep.
608 2424 789 2505 evangelica
804 2428 852 2490 31.
883 2424 1054 2491 Praeterea
1066 2425 1239 2506 scriptores

136 2535 338 2602 ecclesiastici
347 2535 559 2617 Hieronymus
571 2533 717 2600 Socrates
731 2534 929 2616 Nicephorus
951 2518 1084 2616 Callisti,
1104 2534 1240 2600 Damas-

135 2644 203 2712 cius
223 2646 438 2728 philosophus,
473 2646 627 2711 Arsenius
659 2644 777 2724 aliique
801 2643 1076 2727 paroemiographi
1108 2643 1237 2709 demon-

136 2758 249 2835 strant,
272 2754 467 2836 Epimenidis
494 2754 688 2834 memoriam,
712 2754 862 2834 quamdin
884 2754 1086 2834 antiquorum
1104 2753 1239 2848 scripto-

137 2881 208 2928 mm
229 2863 335 2930 stndIa
355 2862 519 2944 florebant,
542 2881 605 2930 non
624 2863 789 2941 interIIsse.

235 3048 351 3115 Postea
372 3063 411 3113 ex
434 3065 496 3128 quo
511 3051 655 3113 veterum
674 3047 863 3129 scriptorum
878 3047 1032 3115 memoria
1045 3066 1082 3114 ao
1093 3046 1237 3113 studium

137 3157 326 3237 revixerunt,
349 3158 480 3223 collecta
499 3161 575 3222 sunt
597 3145 647 3239 ea,
663 3172 746 3237 quae
767 3157 807 3222 ab
829 3157 968 3237 antiquis
983 3155 1101 3239 passim
1113 3155 1238 3223 tradita

61 3319 63 3323 .
136 3272 212 3333 sunt
244 3285 315 3332 cum
345 3267 415 3334 aliis
448 3266 532 3346 locIs,
563 3271 632 3332 tum
664 3266 697 3344 ln
728 3267 986 3333 adnotationibus
1007 3266 1047 3332 ad
1069 3266 1236 3332 Laertium

137 3376 319 3458 DIogenem.
364 3376 491 3442 Primus
512 3376 721 3442 nominandus
742 3381 791 3443 est
811 3375 949 3442 Thomas
968 3373 1238 3469 AldobrandinuS,

136 3486 226 3552 ouius
245 3490 340 3551 notae
359 3471 475 3550 lterum
497 3487 670 3567 impressae
690 3491 765 3552 sunt
783 3485 915 3552 Londini
939 3488 1039 3552 1664:
1071 3484 1125 3567 qui
1150 3483 1235 3550 loco·

136 3614 208 3660 rum
230 3593 379 3660 numerus
401 3600 513 3662 auctus
534 3598 584 3662 est
596 3594 635 3660 ab
648 3595 935 3662 IsaacOasaubono
950 3598 1029 3660 1583
1045 3599 1077 3660 et
1097 3592 1237 3678 maxime

136 3704 176 3772 ab
199 3703 330 3786 Aegidio
352 3703 499 3789 Menagio
514 3709 603 3786 1663,
625 3723 704 3788 quos
726 3704 966 3772 commentarios
989 3704 1088 3771 edidit
1102 3703 1237 3770 Hdbner

140 3817 230 3894 1830,
260 3814 418 3881 uolumine
439 3815 455 3880 I
475 3815 777 3884 Commentariorum
810 3815 844 3880 in
874 3814 979 3881 Laert.
1013 3815 1105 3897 Diog.
1128 3814 1237 3880 Etiam

136 3924 265 3993 uberius
298 3924 472 4008 dIsputavit
504 3926 543 3992 de
573 3925 718 3993 omnibus
749 3925 844 3992 rebus
865 3924 998 3990 Ioannes
1020 3924 1179 4020 Meursius
1200 3924 1233 3989 in

137 4088 337 4100 -—--—.

237 4183 263 4250 ι)
282 4180 387 4250 anone,
405 4180 457 4236 an.
475 4180 512 4235 n.
530 4179 618 4235 xxvr
636 4196 664 4250 p.
682 4181 744 4236 sos.
762 4177 865 4237 xxvu
883 4197 910 4249 p.
927 4179 971 4235 44.
