2724 4650
644 242 677 296 55

115 418 164 495 33,
184 419 198 477 1
218 419 279 480 est:
306 412 517 494 »Epimenidis
530 412 665 477 dormire
687 428 864 492 somnum«,
886 412 971 492 apud
983 410 1208 491 Alciphronem

110 524 160 588 ΙΙΙ
172 527 222 604 38,
234 528 266 587 2:
288 517 389 586 ὑπνοῖ
404 519 448 599 δέ,
466 515 547 585 ὅσον
558 509 681 609 ἤκουσα
694 518 925 606 τετυφωμένου
939 514 1028 597 νινδς
1047 517 1208 606 σοφιστοῦ

109 631 259 714 λέγοντος
283 621 488 714 Ἐπιμενίδην
522 623 594 693 υινδ
622 632 850 715 κεκοιμῆσθαι.
895 629 987 694 Prov.
1016 627 1107 694 Ooisl.
1132 631 1209 693 209:

114 730 372 821 υἘπιμενίδειος
392 733 496 815 ὕπνος
507 738 622 803 dicitur
633 737 765 803 ἐπὶτῶν
779 736 850 802 λίαν
860 732 1044 822 beroldo«,
1065 736 1209 803 hominos

109 850 210 915 somni
220 849 412 914 amantiores
421 853 574 914 vocantur
584 848 680 927 etiam
689 837 924 930 Ἐπιμενίδειον
934 847 1043 932 δέρμα.
1063 846 1209 928 Gregorii

109 957 215 1041 Cyprii
239 957 326 1022 Ceut.
350 957 449 1022 1123:
480 946 687 1038 Ἐπιμενίδου
717 950 822 1033 δ’πνος
845 955 988 1021 ἐπὶτῶν
1010 951 1118 1020 πολλὰ
1139 978 1208 1019 κοι-

108 1063 276 1148 μωμένων·
300 1058 504 1152 πεντήκοντα
526 1060 585 1148 γὰρ
609 1061 666 1149 ἔνη
690 1058 878 1130 ἐκάθευδεν.

209 1174 236 1255 §-
252 1179 299 1238 ll.
343 1174 421 1240 Cum
444 1176 507 1240 iarn
530 1175 584 1240 diu
600 1175 797 1257 multumque
812 1174 955 1240 homines
976 1173 1058 1239 docti
1078 1172 1207 1238 investi·

108 1284 276 1366 gavissent
300 1302 362 1365 qua
385 1285 506 1348 ratione
529 1284 710 1366 chronologi
721 1288 845 1349 veteres
866 1284 898 1346 in
917 1282 1206 1362 antiquissimorum

107 1396 286 1473 temporum
318 1393 451 1457 historia
481 1410 580 1458 annos
610 1392 863 1470 constituissent,
894 1409 994 1472 nuper
1025 1391 1116 1457 Diels
1137 1392 1156 1456 l.
1178 1410 1204 1457 c.

108 1502 210 1566 denuo
233 1501 462 1567 demonstrarit
485 1521 553 1578 eos,
586 1502 612 1567 si
640 1502 797 1566 clarorum
827 1501 965 1565 virorum
988 1518 1086 1565 annos
1103 1498 1207 1565 minus

107 1613 197 1675 notos
220 1608 347 1675 definire
370 1610 533 1688 volebant,
555 1628 675 1676 annum
705 1609 863 1689 nascendi,
884 1607 977 1687 floris,
1001 1609 1112 1674 mortis
1134 1626 1205 1673 cum

107 1718 168 1782 alia
188 1721 318 1798 renota
341 1720 553 1799 coniunxisse,
576 1719 616 1784 ab
641 1736 740 1798 eoque
761 1736 893 1782 numero
915 1715 1206 1799 profectosccteros

106 1827 345 1907 computavisse.
379 1826 488 1892 Veluti
511 1828 571 1891 hac
591 1827 621 1890 in
642 1845 677 1890 re
697 1831 940 1893 consentaneum
961 1830 1085 1892 estnon
1109 1825 1205 1890 tradi-

106 1938 173 2000 tum
203 1934 241 2000 iis
266 1933 379 2014 fuisse,
413 1953 474 2014 quo
497 1953 578 2001 anno
611 1934 814 2016 Epimenides
842 1939 936 1999 natus
958 1938 1119 2000 essetnec
1142 1950 1204 2013 quo

105 2060 186 2108 anno
208 2043 340 2124 Spartae
372 2042 490 2109 fuisset.
544 2048 586 2108 At
616 2048 727 2109 notum
754 2047 824 2107 erat
854 2061 926 2107 eum
958 2047 1041 2108 teste
1070 2041 1204 2106 Platone

105 2169 186 2216 anno
213 2170 241 2216 a.
276 2152 307 2217 C.
329 2155 449 2218 n.·500
469 2153 617 2218 Athenas
646 2152 765 2218 venisse
799 2157 830 2216 et
859 2154 918 2214 157
950 2169 1048 2215 annos
1079 2152 1204 2218 vixisse.

105 2259 248 2326 Platonis
270 2262 352 2325 enim
380 2262 520 2327 numeris
542 2280 594 2327 eos
615 2260 710 2326 fidem
736 2260 882 2326 habuisse
909 2265 946 2324 ut
972 2261 1095 2324 omnino
1124 2261 1203 2343 veri·

104 2369 295 2434 simillimum
319 2375 366 2434 est
387 2371 433 2434 ita
457 2371 516 2451 ipsi
539 2371 661 2435 numeri
684 2369 804 2435 docent.
844 2369 932 2433 Unus
954 2368 1066 2434 Suidas
1087 2369 1204 2436 tradit:

102 2474 209 2560 γέγονε
235 2475 292 2541 ἐπὶ
312 2479 369 2565 τῆς
390 2472 415 2541 t‘
441 2469 658 2560 ὀλυμπιάδος,
678 2479 708 2543 id
736 2477 820 2557 quod
841 2495 899 2558 per
922 2496 956 2543 se
977 2476 1203 2544 dubitationem

103 2586 250 2664 admittit,
273 2605 343 2652 cum
359 2587 418 2653 sibi
430 2588 498 2669 ipse
508 2605 570 2652 non
582 2590 711 2666 constet,
736 2586 813 2667 quid
825 2586 955 2668 singulis
970 2585 1045 2652 locis
1059 2586 1117 2650 sibi
1128 2587 1203 2653 velit

105 2712 175 2758 curn
198 2695 299 2760 dicat:
323 2693 431 2778 γέγονε
454 2694 510 2759 ἐπί
521 2704 553 2761 et
571 2700 724 2776 sequatur
736 2713 844 2760 eorum
860 2712 962 2774 usum,
986 2695 1128 2775 equibus
1145 2714 1203 2762 sua

104 2802 220 2868 bausit.
264 2803 325 2868 Sed
348 2805 431 2885 apud
454 2804 709 2885 chronographos
731 2802 891 2887 γεγονέναι
920 2822 1044 2884 semper
1071 2805 1138 2869 fere
1163 2806 1202 2871 de

98 2913 258 2977 nascendo
291 2912 405 2978 dicitur
435 2931 506 2978 cum
536 2913 575 2977 de
606 2915 837 2993 temporeque
867 2911 981 2992 aliquis
1015 2911 1121 2978 floruit
1151 2913 1203 2980 vel

103 3019 205 3085 clarus
229 3020 357 3087 habitus
375 3025 424 3086 est
435 3022 559 3087 soleant
570 3022 617 3085 uti
629 3021 730 3086 verbis
740 3011 893 3103 οἷκμάζειν
904 3025 937 3086 et
946 3020 1201 3105 γνωρίζεσθαιῑ).

103 3127 204 3204 Quam
227 3129 266 3193 ob
290 3147 356 3194 rem
370 3128 529 3210 Olinton2)
548 3128 751 3211 etrischerr)
773 3133 916 3196 nostrum
927 3131 1103 3213 olympiade
1113 3130 1201 3195 XXX

101 3242 211 3302 natum
234 3255 302 3304 esse
325 3237 480 3304 dixerunt.

199 3347 269 3411 Iam
291 3346 330 3410 ab
353 3364 434 3412 anno
460 3345 534 3412 ath
547 3366 576 3411 n.
590 3350 650 3412 500
665 3347 818 3427 =ol.70‚
832 3350 847 3409 l
861 3346 888 3413 si
911 3346 1079 3413 deduxeris
1101 3365 1199 3415 annos

101 3456 160 3517 157
183 3456 349 3535 pervenies
367 3456 408 3520 ad
420 3473 537 3519 annum
550 3458 610 3518 657
622 3457 708 3520 =ol.
722 3460 771 3536 30,
787 3455 990 3535 heredesque
1001 3460 1035 3520 tc
1046 3457 1199 3522 rationem
1247 3466 1314 3556 μου

81 3559 222 3648 illorum
248 3564 513 3646 chronologorum
537 3565 702 3631 detexisse.

199 3813 224 3881 l)
242 3812 275 3867 A.
294 3811 416 3878 Solone,
435 3812 684 3885 Untersuchungen
712 3815 782 3869 iiber
810 3815 859 3884 das
886 3815 981 3871 Leben
1009 3818 1060 3873 der
1077 3817 1198 3888 Sappho.

96 3906 225 3976 Symbola
242 3908 336 3977 philol.
355 3910 541 3965 Bonnensium
561 3913 637 3966 1867.
658 3929 684 3980 p.
694 3912 746 3965 744
766 3915 824 3966 not.
844 3914 868 3966 5.
931 3946 937 3965 .

197 4005 224 4068 2)
242 4003 352 4058 Clinton
371 4005 438 4059 fasti
455 4003 590 4061 Hellenici
611 4007 630 4060 1.
669 4005 769 4061 Oxonii
790 4009 867 4062 1834.
885 4025 914 4076 p.
935 4010 993 4062 193.

198 4099 226 4169 3)
245 4098 329 4155 Idam.
367 4101 490 4156 Deutsch
508 4119 562 4156 von
581 4103 695 4158 Fischer
712 4103 770 4158 und
787 4102 927 4159 Soetbcer.
949 4104 1017 4160 1840
1042 4123 1069 4174 p.
1090 4106 1148 4160 105.

1277 3667 1333 3734 0-9
