2724 4650
639 269 674 323 23

52 449 55 455 ’
105 441 195 508 haud
213 441 277 508 scio
298 459 339 506 an
361 443 437 508 ante
458 439 588 508 verbum
607 435 714 505 αἰτίαν
735 439 887 507 exciderit
907 439 1038 506 verbum
1059 439 1203 525 Πυθίαν,

105 552 151 618 ita
177 556 214 617 ut
235 551 389 633 scriptum
420 569 488 617 esse
519 549 636 632 possit:
673 544 705 614 υί
726 549 770 630 δέ,
792 544 851 636 υῆν
874 548 1010 614 Πυθίαν
1031 545 1137 615 αίυίαν
1158 544 1203 614 εί-

106 661 185 724 neis
204 660 265 724 τοῦ
287 658 404 742 λοιμοῦ
423 657 461 723 τὸ
472 652 660 724 Κυλώνειον
681 647 773 743 ὅῖγος,
798 657 964 743 σημαίνειν
974 681 1010 722 τε
1024 652 1083 743 τὴν
1096 648 1202 721 daut·
1263 518 1276 751 k

105 761 214 854 ίαγήν.
248 768 363 850 Itaque
372 768 418 832 illi
429 766 548 833 Laertii
559 767 648 850 Diog.
661 765 807 833 auctores
829 768 969 847 tradunt,
991 766 1202 834 Athenienses

102 877 285 960 pestilentia
296 882 428 943 vexatos
438 877 618 959 Apollinem
630 877 817 959 Delphicum
838 877 960 960 adiisse,
982 877 1070 942 illum
1094 882 1200 943 autem

102 987 247 1052 morbum
269 1005 401 1067 poenam
420 1005 490 1053 esse
504 987 660 1053 dicentem
675 987 779 1053 caedis
795 985 943 1070 Cyloniae
963 986 1101 1053 nondum
1122 988 1201 1054 satis

86 1088 259 1177 expiatae,
283 1095 363 1160 illud
382 1094 451 1160 fieri
472 1096 609 1165 iussisse.
648 1095 919 1179 Quainreminus
939 1101 1070 1162 acurate
1092 1095 1202 1163 scribit
1277 1166 1280 1173 ,

22 1226 25 1236 ·
100 1204 293 1271 Plutarchus
316 1223 387 1270 cum
404 1204 479 1270 dicit
499 1205 604 1287 ipsum
623 1207 729 1272 scelus
748 1224 876 1272 causam
891 1205 998 1286 fuisse,
1022 1204 1106 1286 quod
1118 1206 1200 1272 idem
1319 1242 1323 1267 t

99 1313 224 1380 faciunt
254 1313 440 1380 Ammianus
474 1313 677 1380 Marcellinus
708 1313 886 1380 xxvffln
915 1319 948 1380 et
968 1314 999 1379 -ii
1026 1333 1105 1396 qnos
1136 1317 1199 1381 iam

101 1423 261 1489 nominavi
283 1423 396 1490 Suidas
417 1427 449 1488 et
472 1422 588 1488 Cicero.
631 1422 710 1489 Cum
741 1404 867 1489 Laertio
897 1424 987 1506 Diog.
1002 1442 1101 1495 ,unus
1128 1442 1199 1490 con·

105 1531 203 1597 sentit
212 1532 373 1598 Maximus
385 1532 498 1614 Tyrius
512 1534 586 1600 diss.
597 1533 766 1600 XXXVIII
776 1535 808 1616 1),
832 1535 886 1615 qui
897 1535 971 1600 dicit
983 1533 1199 1616 Epimenidem

99 1639 245 1706 Athenas
273 1645 363 1722 peste
394 1643 428 1705 et
455 1640 610 1707 discordia
634 1641 815 1708 laborantes
847 1640 1006 1712 sacrificiis
1039 1641 1105 1707 suis
1135 1633 1198 1707 ser·

99 1748 235 1814 vovisse.

203 1856 356 1923 Diversae
383 1860 489 1924 autem
515 1862 591 1923 sunt
619 1854 737 1923 Laertii
758 1856 849 1938 Diog.
882 1860 914 1922 et
941 1855 1104 1921 Plutarchi
1129 1873 1199 1923 sen-

86 1950 339 2061 ltentiaeffq'nod
355 1964 544 2042 hit...,narrat
563 1947 735 2031 Nisaeaet
756 1963 913 2030 Salamine
931 1963 1199 2045 aMegarensibus
1212 1954 1246 2059 t
1280 1935 1349 2032 ihu

101 2073 203 2155 captis
223 2077 368 2138 nostrum
389 2076 582 2140 auctoritate
611 2079 721 2139 vatum
753 2072 991 2139 Atheniensium
1013 2074 1197 2139 arcessitum

102 2169 196 2281 esse}
213 2182 267 2246 ille
294 2182 422 2249 consilio
443 2183 599 2265 Apollinis
619 2183 765 2264 Delphici
798 2182 829 2246 id
855 2181 975 2247 lactum
998 2199 1066 2248 esse
1088 2181 1197 2247 tradit.
1225 2205 1349 2290 baffi

102 2290 163 2357 Sed
187 2290 335 2374 Pythiam
364 2291 441 2357 illud
469 2292 596 2358 iussisse
628 2292 695 2358 veri
716 2310 779 2357 non
800 2291 950 2357 dissimile
978 2294 1036 2369 est,
1067 2309 1138 2356 cum
1160 2309 1196 2357 eo
1288 2282 1292 2297 '
1347 2281 1349 2287 ’

101 2405 244 2482 tempore
265 2399 450 2482 dignitatem
473 2399 558 2466 illius
580 2400 709 2478 oraculi,
736 2401 819 2480 quod
846 2402 912 2482 ipse
933 2399 1031 2482 Cylon
1044 2400 1196 2465 'consulu-

101 2513 186 2590 erat,
218 2507 350 2574 Athems
371 2509 568 2589 potissimum
589 2513 714 2574 auctam
735 2526 806 2575 esse
828 2507 900 2574 inde
929 2508 1079 2587 sciamus,
1112 2509 1196 2588 qnod

100 2617 201 2699 primo
226 2615 307 2682 hello
335 2635 424 2682 sacro
451 2616 573 2682 Solonis
592 2623 736 2699 tempore
760 2615 969 2683 Athenienses
996 2621 1104 2683 contra
1132 2615 1197 2683 Cir·

99 2726 192 2790 rham
214 2730 247 2792 et
258 2725 395 2792 (insuam
410 2730 644 2807 pugnaverunt.
673 2725 818 2804 Eosdem,
842 2744 912 2791 cum
934 2725 1113 2806 pestilentia
1125 2744 1196 2808 pre-

101 2840 277 2918 merentur,
310 2841 555 2911 consentaneum
587 2841 636 2902 est
663 2854 735 2900 eum
759 2836 853 2900 deum
873 2835 1081 2917 consuluisse,
1102 2853 1195 2916 quem

99 2945 197 3010 etiam
218 2944 513 3024 pemiciosissimnm
537 2945 681 3010 morbum
703 2945 735 3009 in
749 2944 832 3011 bello
843 2943 1106 3026 Peloponnesiaco
1127 2942 1194 3008 fini-

102 3052 186 3118 visse
208 3053 453 3135 crediderunt2).
497 3054 642 3135 Augetur
662 3053 781 3119 Laertii
803 3052 894 3134 Diog.
915 3053 975 3118 hac
1000 3053 1031 3119 in
1053 3071 1087 3118 re
1107 3052 1194 3134 fides,

99 3160 184 3243 quod
208 3160 333 3227 Oretem
354 3167 496 3227 nostrum
521 3180 589 3228 esse
610 3163 739 3229 scimus:
766 3165 896 3228 constat
926 3162 1008 3226 enim
1031 3162 1194 3227 oraculum

102 3267 291 3349 Delphicum
302 3277 493 3353 pergentem
510 3270 735 3338 sacerdotalem
748 3274 814 3336 tam
831 3275 900 3335 arte
912 3271 1106 3350 aliquamdiu
1123 3290 1194 3336 cum

99 3376 195 3444 Creta
220 3365 324 3444 insula
344 3378 551 3444 coniunctum
573 3377 684 3459 fuisse,
708 3382 746 3443 nt
768 3377 883 3460 hymno
903 3379 1064 3444 notissimo
1085 3377 1193 3445 Cretes

98 3486 180 3552 sacri
200 3485 285 3552 illins
306 3494 452 3554 auctores
474 3488 722 3566 laudarentur3).

200 3762 228 3833 l)
246 3761 273 3816 II
282 3765 335 3816 222
345 3762 446 3818 Reishe
455 3782 482 3835 p.
494 3765 555 3831 149,
565 3766 609 3821 48.
627 3765 747 3820 Diibner.
765 3759 846 3819 πόλιν
857 3766 1029 3837 κακουμένην
1041 3767 1129 3837 λοιμῷ
1146 3768 1195 3819 καί

98 3851 200 3914 στάσει.

203 3954 231 4026 2)
248 3954 399 4010 Pausanias
417 3957 471 4023 13,
485 3957 509 4010 4.
1115 4023 1117 4026 y

197 4051 224 4121 3)
243 4049 407 4117 Sohbmann,
426 4053 461 4108 de
479 4053 607 4124 Apolline
624 4053 739 4109 custode
756 4053 937 4110 Athenarum.
955 4051 1190 4126 Gryphiswaldiao
1263 4106 1265 4112 .

98 4149 175 4204 1856.
193 4166 220 4219 p.
231 4150 264 4203 31
276 4165 317 4217 sq.
1203 4161 1205 4165 ·
