2724 4650
713 342 750 397 80

183 512 341 594 uolebant,
364 532 435 579 cum
457 513 562 593 porcis
585 513 723 579 lustrum
744 511 893 594 lacerent,
915 515 953 578 ut
974 531 1024 578 res
1044 514 1187 595 impuras
1206 533 1226 580 a
1247 533 1282 582 se

182 626 380 687 removerent
390 621 424 704 ¹).
466 621 565 686 Nimis
589 620 746 687 subtiliter
768 639 841 687 vero
874 620 971 686 verba
1003 622 1200 704 examinant,
1227 623 1283 705 qui

182 732 290 812 nigras
312 735 345 796 et
362 730 510 796 candidos
535 747 608 795 oves
626 733 745 796 certam
757 747 898 814 quasque
911 729 949 794 ob
961 748 1090 796 causam
1100 731 1282 798 immolatas

183 857 252 905 esse
263 837 415 922 dicunt²):
437 857 511 905 voce
533 839 618 904 enim
633 831 802 921 »πρόβατα
813 831 934 920 μέλανά
952 860 987 902 τε
1000 837 1054 902 καὶ
1072 835 1191 904 λουκολτ
1215 858 1281 906 om·

183 949 270 1013 nium
292 948 431 1013 colorum
453 945 763 1028 ovcssignificantur.
795 937 962 1029 Proprium
975 953 1083 1014 autem
1093 947 1172 1014 illud
1186 949 1281 1014 sacri-

103 1086 105 1088 ·
182 1057 295 1123 ficandi
318 1075 417 1140 genus
447 1057 523 1137 quid
556 1056 616 1122 sibi
645 1057 721 1123 velit
750 1074 972 1138 cognoscemus
1007 1056 1122 1123 collato
1151 1055 1282 1140 Polybio

107 1167 332 1262 „AEJLR
360 1165 513 1231 Similiter
523 1170 620 1263 atque
631 1164 776 1231 Athenae
787 1182 844 1247 per
853 1164 1101 1246 Alcmaeonidas
1114 1165 1283 1257 aliquando

83 2418 113 2522 o

154 1275 410 1349 Matinensium
439 1273 507 1354 agri
536 1274 691 1357 inquinati
722 1277 815 1339 eraut
845 1291 881 1339 co
913 1275 996 1356 quod
1016 1274 1281 1358 Cynaethensium

154 1391 159 1485 ἰ
183 1383 281 1464 legati
304 1400 437 1467 qnorum
458 1384 491 1448 in
512 1383 618 1464 patria
638 1382 857 1449 crudelissima
873 1385 986 1450 caedes
998 1389 1182 1465 perpetrata
1202 1388 1283 1469 erat,

156 1490 162 1563 l
183 1511 240 1575 per
261 1510 371 1559 eorum
391 1497 511 1558 terram
530 1474 664 1574 proiecti
684 1498 785 1557 erant.
829 1491 890 1568 Qui
912 1497 948 1556 ut
969 1493 1105 1573 primum
1127 1492 1282 1577 abierunt,

159 1569 398 1667 ¹=Mantinenses
412 1600 602 1666 lustratione
622 1601 771 1665 instituta
792 1599 912 1666 hostias
933 1618 991 1681 per
1004 1601 1154 1683 oppidum
1170 1604 1203 1666 et
1225 1618 1283 1682 per

168 1713 283 1775 *totam
305 1715 423 1774 terram
445 1708 715 1775 circumferebant.
748 1708 818 1775 Non
834 1709 929 1774 aliter
940 1708 1140 1792 Epimenides
1156 1727 1195 1774 ea
1216 1727 1281 1792 qua

168 1780 249 1884 ¹dixi
277 1818 398 1885 ratione
419 1805 687 1901 quamplurimos
719 1818 817 1884 totius
840 1817 966 1884 Atticae
988 1820 1073 1886 locos
1095 1817 1282 1901 expiationis

183 1928 352 2010 participes
367 1926 439 1991 riori
458 1926 594 1993 uolebat.

283 2036 341 2101 Cui
363 2035 421 2101 deo
435 2036 636 2119 Epimenides
657 2055 730 2102 aras
752 2036 829 2118 erigi
851 2040 885 2102 et
906 2055 979 2104 oues
1002 2036 1133 2103 mactari
1154 2035 1283 2102 iusserit

185 2163 224 2210 ex
247 2144 390 2211 obscuris
411 2145 529 2211 Lacrtii
551 2145 643 2226 Diog.
674 2145 776 2210 verbis
803 2150 888 2211 certo
909 2148 1052 2238 cognosci
1073 2164 1134 2211 non
1156 2148 1281 2227 potest:

185 2248 373 2337 προστάξας
407 2257 479 2331 τοῖς
515 2245 729 2332 ἀκολούθοις,
768 2251 854 2324 ἔνθα
886 2249 925 2319 ἂν
958 2255 1143 2320 κατακλίνοι
1176 2255 1283 2319 αὐτῶν

186 2359 322 2428 ἕκαστον
347 2355 443 2428 θύειν
464 2365 511 2450 τῷ
532 2358 835 2469 ⁷100QQ·
880 2365 984 2430 Verba
1006 2365 1054 2452 τῷ
1079 2361 1282 2450 προσήκοντι

186 2471 258 2558 θεῷ
281 2477 318 2537 ut
337 2472 378 2538 ad
399 2454 641 2538 duas‘notr'ffr'nes
661 2471 780 2539 referre
794 2474 948 2539 itavariis
960 2475 1060 2540 modis
1078 2475 1281 2558 interpretari

145 2604 157 2687 p
184 2599 362 2662 possumus.
405 2581 488 2646 Nam
511 2581 648 2661 primum
670 2581 696 2647 si
719 2601 757 2646 ea
778 2581 995 2663 coniungimus
1027 2602 1098 2648 cum
1118 2585 1282 2680 notione

155 2698 164 2740 t·
185 2689 259 2756 loci
289 2708 372 2774 quae
401 2694 450 2756 est
481 2690 513 2756 in
535 2685 621 2754 ἔνθα
641 2682 681 2754 ἂν
701 2689 900 2770 κατακλίνοι,
935 2691 1154 2773 significantur
1175 2694 1218 2759 dii
1240 2693 1282 2759 ad

184 2817 264 2882 quos
286 2799 403 2883 singuli
428 2800 487 2866 loci
507 2801 685 2882 pertinent:
718 2800 860 2881 singulae
883 2802 981 2884 igitur
1002 2820 1077 2870 oues
1098 2804 1281 2869 immolatae

184 2913 260 2974 sunt
285 2908 342 2975 deo
375 2907 460 2974 illius
490 2908 558 2986 loci,
593 2925 654 2988 quo
682 2927 826 2992 quaeque
855 2911 1010 2991 substitit,
1043 2911 1076 2976 id
1106 2911 1190 2993 quod
1213 2910 1282 2977 ficri

184 3020 319 3098 poterat,
342 3035 413 3082 cum
432 3015 505 3082 'tota
516 3020 604 3080 terra
615 3018 776 3083 maculata
789 3018 885 3083 etiam
898 3019 1095 3100 singulorum
1106 3021 1245 3087 locorum
1254 3020 1280 3102 ³)

184 3125 228 3191 dii
250 3126 324 3191 irati
346 3143 413 3191 esse
434 3126 648 3193 crederentur.
691 3126 813 3192 Deinde
833 3128 860 3194 si
882 3129 979 3194 verba
1003 3127 1058 3196 illa
1087 3130 1128 3195 ad
1156 3130 1282 3197 notio-

283 3420 309 3489 1)
327 3418 482 3474 Schomann
499 3419 539 3472 11⁸
549 3421 610 3474 363.

283 3515 311 3584 2)
329 3515 425 3570 Hoeck
441 3513 546 3571 111282
564 3516 659 3588 nigras
677 3533 743 3572 oves
762 3535 778 3572 c
797 3518 970 3574 Cretensium
989 3521 1183 3590 mysteriorum
1201 3521 1280 3576 cultu

185 3610 344 3682 desumptas
372 3629 432 3666 esse
457 3612 572 3679 conicit,
598 3613 730 3668 Dunckor
748 3615 916 3672 1.c.1v170
934 3617 1012 3683 dicit,
1030 3617 1125 3688 nigras
1143 3617 1197 3672 diis
1215 3617 1280 3672 Orci

185 3714 214 3765 et
233 3711 341 3778 mortis,
360 3708 491 3763 candidas
510 3710 564 3764 diis
583 3709 652 3764 lucis
672 3714 700 3765 et
717 3711 786 3765 caeli
804 3717 940 3767 mactatas
959 3731 1027 3769 esse.

283 3807 311 3877 3)
329 3806 369 3861 De
380 3805 434 3861 diis
455 3808 627 3878 singulorum
646 3808 769 3863 locorum
788 3810 894 3865 dictum
914 3827 973 3866 esse
991 3813 1111 3867 credunt
1129 3818 1227 3870 auctor
1244 3815 1280 3870 de

183 3902 317 3958 l’hiatoire
335 3902 466 3974 generale
487 3909 516 3981 et
533 3906 712 3975 particuliere
736 3907 771 3961 de
794 3907 822 3961 la
845 3907 933 3964 Greoe
952 3909 1037 3964 Tomc
1053 3910 1079 3966 V
1099 3913 1175 3968 1783.
1190 3929 1218 3982 p.
1231 3914 1275 3968 59.

184 3998 488 4057 GroteFischcr1138.
507 4001 713 4058 Curtius1305.
736 4003 854 4060 Richter
862 4005 880 4061 l.
894 4023 917 4060 c.
931 4005 966 4059 E.
980 4005 1143 4078 Lerminier‚
1161 4009 1278 4065 histoire

183 4097 232 4151 des
253 4096 431 4167 legistateura
460 4101 489 4153 et
517 4099 566 4154 dea
590 4081 789 4157 constitutions
817 4102 852 4157 dc
876 4103 903 4158 la
926 4103 1020 4160 Grcce.
1048 4106 1125 4163 1852.
1154 4106 1239 4162 Tome
1263 4107 1276 4160 I

186 4195 244 4249 185.
263 4194 320 4251 alii.
