2724 4650
671 308 687 362 9

129 481 255 549 ensibus
276 486 312 548 ut
333 482 378 547 ita
398 482 500 547 dicam
521 479 636 548 fabulis
651 480 756 546 locum
778 484 878 546 tenet:
901 480 1029 545 nomina
1051 480 1223 546 multorum

129 595 267 657 virorum
288 591 413 671 laudat,
449 609 526 673 quos
553 596 589 656 ut
610 590 752 655 homines
773 590 921 656 obscuros
944 594 1018 655 ante
1040 608 1112 662 eum
1133 607 1224 655 nemo

127 701 312 781 nominavit,
349 718 405 767 nec
432 701 559 766 dubitat
585 718 735 765 enarrare
771 699 897 765 nomina
923 698 1033 780 viginti
1068 697 1224 764 Lacedae·

127 809 319 890 moniorum,
355 827 434 890 quos
467 809 629 890 Lycurgus
656 809 688 873 in
717 807 820 873 iorum
851 807 957 873 venire
986 806 1224 888 iusseraa1)‚ut

127 923 276 983 accurata
297 919 478 984 narratione
500 918 672 999 legentium
694 919 815 982 animos
837 917 982 985 delectet.
1026 916 1141 996 ltaque
1161 935 1225 982 non

128 1026 236 1093 dubito
248 1028 324 1110 quin
336 1028 443 1094 Niciae
455 1045 580 1110 nomon,
594 1025 807 1108 filiiNicerati‚
823 1045 915 1107 aquo
927 1026 1031 1091 Laert.
1043 1026 1225 1107 Diog.1110

129 1140 241 1201 narrat
257 1135 473 1218 Epimenidem
486 1135 627 1202 Athenas
642 1129 826 1202 arcessitum
843 1153 920 1219 esse,
941 1133 1079 1215 finxerit,
1100 1135 1225 1201 nomine

131 1242 355 1325 religiosissimi
379 1246 464 1312 illius
497 1246 585 1312 ducis
608 1264 693 1324 usus,
717 1246 768 1326 qui
791 1245 871 1310 bello
900 1244 1163 1328 Peloponnesiaco
1195 1243 1227 1304 in

128 1351 234 1419 Sicilia
263 1356 408 1420 mortuus
437 1359 493 1420 est.
537 1354 734 1431 ,Callimachi
764 1356 907 1436 magistri
935 1351 1073 1430 πίνακας
1098 1354 1165 1416 τῶν
1192 1350 1226 1417 ἐν

128 1454 217 1547 πάσῃ
232 1462 367 1549 παιδείᾳ
381 1455 646 1546 διαλαμψάντων,
671 1480 748 1543 quos
760 1463 814 1527 ille
828 1462 915 1529 libris
931 1469 1056 1530 centum
1071 1467 1104 1528 eb
1116 1462 1226 1544 viginti

129 1570 313 1653 composuit,
336 1572 373 1637 ¹in
396 1590 450 1640 eos
473 1591 552 1655 quos
574 1574 640 1655 ipse
663 1573 790 1653 scripsit
811 1573 939 1656 recepit,
962 1590 1019 1638 uec
1039 1572 1142 1637 minus
1166 1571 1226 1653 ipsi

131 1679 238 1745 deberi
250 1699 288 1743 ea
299 1697 381 1760 quae
391 1681 616 1763 Laert.Diog.I
634 1685 692 1746 115
705 1700 722 1744 e
733 1680 908 1764 Myroniani
921 1681 1113 1747 Amastriani
1135 1680 1225 1760 libro,

129 1787 183 1868 qni
205 1787 384 1853 inscribitur
405 1783 531 1871 ὁμοίων
552 1783 725 1872 ἱστορικῶν
746 1783 909 1876 κεφάλαια
931 1789 1036 1868 affert,
1069 1789 1226 1872 cognosci-

129 1916 239 1965 mnse
266 1899 333 1965 loco
367 1900 503 1980 quodam
532 1901 693 1967 Plutarchi
702 1901 738 1983 2).
781 1901 818 1964 In
847 1901 966 1967 incerto
994 1906 1101 1967 autem
1131 1900 1238 1975 relius

130 2007 263 2089 quimus,
287 2026 362 2073 num
384 2008 576 2091 Theopompi
597 2013 630 2075 et
649 2009 769 2074 Timaei
791 2008 887 2076 libros
909 2002 1115 2090 expresserit.

227 2114 366 2181 'Maxime
388 2134 462 2181 vero
483 2118 646 2197 proprium
669 2116 747 2181 illud
763 2117 926 2199 Hermippi
948 2118 978 2180 in
1001 2117 1132 2183 historia
1155 2137 1226 2182 con·

131 2223 297 2290 scribenda
313 2224 452 2290 studium
474 2225 577 2290 elucet
598 2226 629 2289 in
651 2223 765 2290 fabulis
787 2231 907 2306 septem
930 2227 1122 2307 sapientium
1140 2226 1225 2292 colli-

129 2333 240 2415 gendis
262 2337 294 2398 et
317 2333 505 2412 excolendis,
529 2345 610 2415 quas
632 2335 693 2399 iam
710 2334 856 2416 Ephorus
878 2337 979 2417 magis
1001 2354 1097 2416 quam
1120 2336 1227 2403 debuit

116 2448 325 2526 respexerat.
378 2443 595 2523 Epimenidem
628 2444 673 2509 ait
700 2446 763 2510 iam
796 2445 942 2510 remediis
974 2445 1065 2510 famis
1097 2445 1229 2526 sitisque

133 2552 298 2636 pellendae
318 2552 408 2636 ubil),
435 2558 468 2619 et
487 2553 638 2634 epistolas
669 2559 726 2620 aut
755 2555 794 2618 ab
824 2556 888 2635 ipso
917 2559 973 2618 aut
1002 2573 1021 2619 a
1051 2553 1229 2620 rhetoribus

131 2662 199 2728 eius
220 2661 336 2728 aetatis
358 2661 493 2744 scriptas
515 2663 546 2727 in
570 2663 652 2729 vitas
674 2664 802 2744 recepit,
825 2668 1012 2743 tanquama
1032 2663 1228 2743 sapientibus

133 2775 244 2836 mutuo
266 2771 347 2836 inter
371 2771 453 2852 ipsos
474 2772 658 2836 commercio
682 2773 798 2838 missae
819 2772 891 2838 sint.
928 2772 1020 2837 Unde
1040 2776 1135 2837 natae
1155 2778 1229 2839 sunt

129 2878 204 2944 illae
226 2879 414 2962 sapientium
443 2879 598 2946 amicitiae
626 2880 809 2961 dequibus
838 2886 965 2963 praeter·
985 2881 1134 2963 epistolas
1163 2881 1230 2962 ipse

136 2989 215 3056 nibil
236 2991 395 3073 exposuit,
428 3009 497 3056 cnm
520 3010 576 3057 neo
603 2992 634 3056 in
659 2991 783 3058 Solonis
811 2993 922 3059 necin
947 2992 1141 3074 Epimenidis
1164 2993 1230 3059 vita

130 3099 304 3191 Laertiana
325 3100 411 3165 aliud
434 3100 516 3166 illius
538 3103 584 3167 rei
606 3081 773 3184 vestigium
797 3101 947 3167 invenias.
984 3101 1051 3165 Has
1065 3101 1228 3182 Hermippi

133 3208 216 3274 vitas
237 3209 394 3288 expressit
405 3208 596 3275 Plutarchus
612 3212 643 3274 in
657 3211 723 3276 vita
735 3209 858 3276 Solonis
881 3208 1113 3285 conscribenda,
1139 3207 1228 3274 cuius

129 3316 182 3382 ille
203 3308 330 3399 praeter
351 3316 520 3398 Didymum
541 3336 622 3383 unus
649 3319 774 3383 videtur
801 3317 872 3383 fons
902 3335 979 3383 esse.
1025 3316 1103 3381 Cum
1129 3317 1229 3398 igitur

131 3423 218 3489 initio
249 3423 361 3507 capitis
388 3424 449 3489 Xll
476 3417 555 3490 duce
584 3424 747 3509 Hermippi
773 3426 838 3490 vita
868 3425 1001 3491 Solonea
1034 3426 1073 3491 de
1103 3424 1229 3506 Cylonio

134 3533 255 3600 scelere
289 3539 321 3600 et
342 3534 636 3601 Alcmaeonidarum
669 3535 762 3601 exilio
795 3535 926 3612 dixerit,
957 3540 990 3601 et
1010 3535 1093 3599 inter
1116 3533 1250 3599 civium

132 3640 321 3710 discordiam
356 3643 506 3710 Nisaeam
538 3649 570 3708 et
601 3645 761 3710 Salamina
789 3663 808 3709 a
835 3644 1072 3726 Megarensibus
1103 3647 1229 3724 captam

39 3810 43 3821 .
132 3771 202 3819 esse
231 3753 423 3833 narraverit,
456 3754 489 3819 in
521 3759 658 3820 mentem
692 3754 719 3818 ei
751 3753 839 3820 venit
857 3774 877 3819 a
898 3753 1087 3833 quibusdam
1122 3769 1227 3816 rerum

233 4001 258 4070 1)
276 4001 421 4056 Plutarchi
438 4000 583 4072 Lyeurgus
602 4004 626 4056 5.
646 4004 729 4072 p.83,
741 4002 783 4057 16.

232 4097 261 4167 2)
277 4097 361 4154 Solon
376 4116 403 4168 p.
418 4101 478 4163 165,
491 4100 545 4169 20„
1130 4119 1190 4141 1

196 4279 198 4283 Α
233 4196 260 4266 3)
279 4196 313 4252 fr.
333 4196 536 4252 40=Proolua
553 4197 583 4252 in
600 4196 716 4253 Hesiodi
736 4196 785 4267 Op.
807 4202 836 4252 et
854 4196 919 4252 Dies
937 4216 962 4252 v.
974 4197 1017 4252 ll.
