2724 4650
707 286 724 341 8

171 457 390 539 explicandum
411 457 485 538 erit,
521 458 653 524 historia
681 477 701 523 ι
725 457 857 525 Platone
878 465 1009 526 narrata
1031 476 1087 524 cur
1108 475 1170 522 non
1191 474 1267 522 vora

172 586 240 635 esse
262 568 408 633 videatur
430 571 463 634 et
482 586 546 650 qua
568 568 692 634 ratione
707 568 799 634 nasei
821 570 968 650 potuerit.

270 675 508 744 Aristoteles
529 677 670 760 quidem,
698 677 787 742 ouius
813 678 986 743 auctoritas
1016 677 1128 742 merito
1158 675 1266 740 bisin

172 784 266 850 rebus
288 785 427 849 maxima
448 789 509 864 est,
540 789 682 849 nostrum
704 782 824 850 duobus
849 785 924 851 loeis
946 786 1087 852 nominat
1096 784 1130 869 ¹),
1156 784 1268 866 quibus

173 896 312 960 testatur
322 911 355 958 se
368 893 483 958 librum
496 892 582 958 illius
596 893 718 975 legisse,
732 911 866 973 eumque
880 899 987 960 vatem
1001 894 1175 960 iudicatum
1189 911 1267 959 esse.

273 1002 342 1068 Iam
363 1021 439 1068 vero
461 1002 592 1067 historia
614 1001 723 1068 relicta
738 1002 778 1068 ad
791 1001 972 1070 fabularum
987 1005 1169 1087 scriptorem
1186 1001 1269 1068 vide-

174 1130 246 1177 mur
266 1111 437 1194 perrenire‚
460 1128 531 1176 cum
553 1129 591 1176 ea
613 1111 758 1195 audimus
782 1128 865 1191 quae
885 1111 1149 1195 Theopompus
1171 1110 1268 1177 Chius

100 1114 119 1360 ι
175 1225 287 1288 octavo
309 1219 513 1286 historiarum
535 1219 624 1300 libro,
648 1217 685 1284 fr.
696 1222 734 1284 69
758 1226 790 1285 ιι
805 1223 854 1300 70,
872 1219 1012 1298 tradidit.
1055 1220 1115 1298 Qui
1137 1239 1206 1286 eum
1222 1239 1268 1285 se·

26 1255 88 1420 s
175 1331 310 1396 cundum
340 1329 457 1396 bellum
485 1346 608 1394 sacrum
637 1333 693 1395 aut
718 1330 812 1394 aliam
841 1348 909 1395 rem
938 1330 1111 1397 mirabilem
1139 1349 1269 1396 narrare

175 1439 247 1505 ιιιιιι
238 1438 355 1517 ιιιιιιιι,
379 1437 526 1503 recedens
548 1437 588 1502 ab
610 1436 674 1504 hist
660 1439 741 1504 toria
770 1442 842 1504 cont
843 1439 917 1504 inua
937 1444 1060 1505 tantam
1081 1457 1187 1506 rerum
1210 1439 1269 1503 mi-

173 1546 320 1612 rabilium
341 1545 463 1627 copiam
482 1545 637 1627 coegitu
639 1547 793 1627 tpassim
815 1547 865 1612 hic
883 1546 961 1612 liber
976 1547 1153 1630 appelletur
1167 1540 1269 1612 »Θεό-

173 1677 311 1738 πομπος
332 1653 365 1720 ἐν
386 1657 457 1732 τοῖς
471 1653 699 1738 despectum«
733 1656 765 1722 Is
787 1656 875 1722 nobis
889 1675 960 1722 cum
981 1658 1118 1723 aliarum
1140 1657 1179 1722 de
1195 1657 1269 1737 Epi-

102 1714 127 1881 ι
174 1765 297 1830 menide
319 1763 536 1830 fabularumt
522 1770 590 1829 tum
612 1763 676 1830 hist
662 1764 762 1839 toriae
784 1763 823 1830 de
843 1781 951 1829 somno
974 1765 1134 1867 mirabili
1133 1766 1231 1830 tradit
1217 1771 1270 1830 tae

175 1879 287 1940 auctor
315 1879 371 1952 ιιι,
402 1891 498 1956 quam
527 1872 598 1937 inde
628 1840 939 1953 Apolloniffit
940 1859 1059 1939 comm.-
1078 1880 1114 1953 1.,
1147 1874 1269 1940 Plinius

173 1981 247 2046 Nat.
225 1981 351 2048 Ηιιιι.
366 1980 422 2045 VIl
441 1983 510 2061 175,
538 1980 642 2046 Laert.
620 1980 755 2062 tDiog
778 1983 970 2062 receperunt,
993 1999 1053 2045 non
1076 1982 1115 2047 ad
1138 1982 1268 2048 verbum

176 2090 220 2154 illi
247 2107 323 2156 sane
351 2090 435 2155 inter
466 2108 500 2156 se
528 2089 771 2172 consentientes,
806 2090 880 2169 quia
912 2109 970 2156 nec
998 2090 1181 2172 Apollonius
1214 2111 1272 2157 nec

163 2199 322 2276 Laeuius
343 2199 433 2279 Diog.
457 2199 559 2279 ipsum
579 2197 771 2280 Theopompi
793 2197 906 2263 librum
927 2199 1059 2282 legerat.

274 2304 339 2373 Nec
361 2307 463 2371 minus
483 2306 665 2372 Timaeus
686 2304 764 2370 libro
779 2305 983 2373 historiarum
1008 2307 1155 2389 secundo,
1176 2307 1213 2373 fr.
1230 2311 1270 2373 45

29 2461 37 2474 „
175 2417 282 2497 Laent.
304 2415 499 2497 Diog.11114
479 2419 593 2496 quo
605 2414 700 2481 (lreta
719 2415 822 2480 insula
837 2415 984 2482 describit
969 2420 1023 2481 tur
1037 2417 1137 2497 docet,
1160 2422 1273 2497 quant-

38 2444 128 2644 Λ
175 2544 269 2608 opere
290 2543 366 2591 vera
387 2525 491 2604 imago
518 2523 650 2588 nostri
641 2541 705 2589 ram
731 2529 800 2590 tum
825 2523 941 2590 fabulis
1064 2529 1136 2591 rata
1101 2525 1273 2591 tfuerit.

174 2635 254 2700 Post
240 2639 347 2714 tquos
357 2634 472 2699 summi
484 2633 516 2697 in
528 2632 720 2713 Epimenidis
731 2614 863 2699 historia
877 2637 1018 2700 moment
1019 2635 1028 2698 ι
1043 2640 1091 2700 ιιι
1101 2633 1274 2716 Hermip-

174 2761 244 2827 pus
276 2743 467 2824 Smyrnaeus
479 2741 505 2824 3)
535 2739 721 2808 Callimachi
750 2741 956 2810 Alexandrini
985 2743 1154 2827 discipulus
1187 2743 1272 2808 Peri·

174 2851 386 2933 pateticornm
408 2853 591 2937 disciplinae
616 2853 808 2937 adscriptus,
840 2853 894 2934 qui
923 2852 1019 2919 libros
1048 2853 1087 2918 de
1116 2852 1271 2917 clarorum

175 2960 315 3026 virorum
336 2961 408 3027 vitis
425 2961 519 3026 haud·
533 2979 649 3043 paucos
668 2960 845 3088 composuit
865 2960 919 3086 qui
940 2958 1008 3041 βίοι
1029 2965 1190 3026 vocantur.
1235 2960 1271 3024 ln

112 3071 289 3153 quibus
322 3069 493 3136 constatf
492 3071 575 3135 uisse
611 3068 706 3150 βίοις
735 3071 801 3132 τῶν
827 3063 912 3133 ἑπτὰ
942 3067 1058 3154 σοφῶν
1087 3069 1201 3172 quibus
1236 3087 1272 3135 eo
1332 3127 1336 3139 ,

175 3183 318 3261 tempore
339 3178 394 3244 alii
417 3179 494 3244 abes
517 3178 819 3257 adnumerabanti
809 3183 854 3244 ιι
880 3183 917 3244 ut
944 3179 1012 3259 ipse
1038 3178 1077 3242 de
1102 3178 1210 3243 decem
1240 3181 1273 3240 et

178 3292 299 3370 septem
330 3286 405 3352 viris
439 3290 549 3369 ageret
555 3287 591 3367 ⁴.)
642 3284 735 3350 Hunc
768 3291 823 3352 ant
825 3304 874 3350 em
905 3287 1019 3352 scimus
1049 3285 1119 3352 inut
1105 3286 1161 3352 tile
1193 3285 1272 3349 illud

176 3396 325 3462 historiae
346 3395 528 3462 scribendae
544 3412 644 3477 genus
661 3395 837 3475 adamasse,
861 3396 945 3475 quod
959 3395 1077 3462 rectius
1092 3394 1123 3460 in
1135 3394 1271 3460 Roman·

278 3681 304 3751 1)
322 3680 405 3736 Polit.
425 3681 438 3736 Ι
459 3682 517 3744 1,6.
538 3684 602 3752 περὶ
612 3681 751 3753 ῥητορικῆς
767 3682 808 3737 III
820 3683 860 3752 17,
882 3684 925 3737 10.

276 3779 303 3846 2)
321 3778 430 3842 Miller,
447 3778 479 3833 F.
497 3778 531 3833 rh
551 3777 582 3833 d.
601 3779 615 3833 I
632 3797 659 3849 p.
672 3777 747 3835 Lxx
757 3779 790 3834 B.

275 3873 303 3943 3)
321 3873 385 3929 vido
398 3874 555 3930 denomino
567 3874 671 3945 operis:
682 3875 872 3938 Wachsmuth,
882 3875 912 3929 in
923 3874 1053 3945 Symbola
1063 3875 1269 3947 philologorum

174 3970 362 4026 Bonnensium
381 3971 411 4024 in
428 3970 704 4039 hon.Fr.7Ritsohelii
722 3973 846 4029 collecta
869 3974 1015 4027 1864-67.
1034 3990 1061 4042 p.
1077 3971 1135 4027 143.
1155 3978 1214 4028 not.
1227 3975 1284 4050 16.⁴

175 4067 216 4124 De
234 4067 343 4122 rationo
360 4067 493 4123 historiae
510 4067 685 4124 scribendae:
706 4070 870 4141 Begomann.
889 4071 906 4124 l.
925 4088 949 4124 o.
968 4089 994 4140 p.
1009 4072 1026 4123 4
1044 4112 1047 4118 a

283 4165 310 4234 4)
331 4163 425 4222 Laert.
444 4163 526 4236 Diog.
547 4165 621 4221 142,
