2708 4636
693 308 727 362 18

155 470 281 550 utrique
303 471 431 538 minima
458 472 519 539 fide
541 473 632 558 digni·
656 481 738 542 sunt
781 477 847 544 Nec
867 450 1037 560 huicquam
1060 498 1098 548 eo
1121 478 1257 548 elficitm

154 579 239 660 quod
261 581 406 647 Laertius
426 582 544 665 Diog.I
562 565 634 647 1127
644 585 750 666 tradit,
774 604 845 650 eum
867 586 979 672 φιλίαν
1001 586 1056 654 καὶ
1072 589 1255 672 συμμαχίαν

71 677 340 783 wirrae-„aelus
361 689 415 755 καὶ
436 681 626 776 Ἀθηναίων
646 693 765 761 fecisse.
790 677 957 803 'Phaestus
979 699 1063 764 enim
1085 705 1118 764 et
1135 698 1274 768 Cnosus,

153 800 269 882 oppida
290 801 352 865 iam
374 799 414 864 ab
435 799 573 867 Homero
596 798 800 868 nominantur
820 810 852 870 et
876 805 1029 889 originem
1051 807 1092 874 ad
1114 807 1249 874 Minoem

153 909 347 975 conditorem
370 908 551 976 referebant
561 909 595 993 1).
639 910 796 980 Phaestus
822 931 878 979 nec
902 915 990 980 clara
1016 935 1157 998 unquam
1182 919 1249 982 erat

152 1022 185 1083 et
206 1019 301 1085 tertio
316 1019 381 1084 fere
397 1019 523 1085 saeculo
538 1021 570 1085 in
587 1025 778 1101 potestatem
795 1022 956 1105 Gortynae
970 1026 1105 1106 venit²):
1129 1025 1247 1092 Gnosus

149 1131 256 1193 autem
272 1127 417 1194 inmedia
439 1146 495 1193 ora
510 1131 748 1211 septentrional
756 1131 827 1210 sita,
850 1138 1030 1199 mercatura
1052 1110 1247 1204 cultilius

46 1215 110 1335 tl?
149 1235 263 1303 Cretici
285 1239 390 1320 legum
410 1237 602 1317 antiquitate
614 1240 779 1305 notissima
790 1245 868 1306 erat.
901 1203 1254 1325 Quodsihh’ais‘u‘hff

148 1329 303 1412 meffiehr
313 1351 424 1413 natum
437 1363 506 1412 esse
516 1363 577 1410 non
589 1347 808 1428 antiquissima
818 1346 905 1414 lama
926 1348 1047 1431 luisset,
1070 1369 1134 1416 ncn
1157 1353 1243 1419 video

151 1457 307 1537 quomodo
329 1455 361 1520 id
383 1474 489 1521 rerum
514 1456 681 1537 scriptores
703 1476 835 1525 narrare
854 1460 1023 1541 potuerint.
1062 1459 1158 1526 Gnosi
1178 1479 1247 1529 vero

148 1568 365 1648 magnitudine
385 1584 447 1631 non
467 1566 572 1631 minus
593 1566 712 1632 factum
735 1570 834 1632 estut
853 1567 966 1633 Suidas
983 1566 1151 1635 Thaletem
1173 1571 1242 1636 inde

146 1682 252 1759 ortum
274 1697 343 1744 esse
364 1680 532 1757 memoret,
561 1695 632 1742 cum
655 1676 708 1743 alii
732 1676 908 1760 Gortynam
931 1677 1068 1759 patriam
1091 1679 1158 1746 eius
1180 1697 1244 1746 esse

145 1785 374 1869 perhibeam).

14 1965 23 1975 Μ
70 1966 75 1980 Ι
127 1921 140 1946 r
247 1895 353 1961 Etiam
373 1896 504 1986 patria
524 1913 664 1961 nomen
687 1895 840 1959 incertum
860 1898 910 1959 est
932 1913 1003 1986 eum
1024 1896 1133 1975 Laert.
1151 1896 1240 1979 Diog.

1 2000 87 2051 “trra
115 1947 128 2086 s
145 2003 258 2071 Suidas
280 1986 708 2101 Eudocia',”'Theopumpum
729 2003 843 2086 secuti,
873 2003 1036 2070 nominent
1056 2004 1240 2072 Phaestium

40 2098 76 2180 lt*
110 2090 117 2202 ,³⁴
143 2114 193 2180 vel
215 2093 412 2181 Phaestum.¹¹
440 2114 610 2178 Praeterea
632 2112 840 2193 Laertssiog.
862 2117 895 2177 et
908 2092 1239 2195 Suidas‘namaritTab

41 2253 45 2270 ·
108 2208 112 2249 ³
143 2221 213 2315 aliis
237 2241 309 2287 eum
331 2222 391 2288 dici
413 2222 627 2304 Agesarchum
649 2221 701 2285 vel
721 2220 951 2303 Agiasarchum
973 2221 1025 2287 vel
1045 2222 1238 2307 Agesarcum

2 2361 19 2403 ,⁴-
47 2305 176 2434 5tutemet
197 2331 375 2398 Dosiadem.
417 2331 465 2398 De
487 2330 601 2412 quibus
622 2332 647 2397 si
669 2331 744 2396 licet
766 2319 892 2395 omnino
913 2316 1103 2397 sententiam
1125 2330 1236 2412 dicere,

47 2482 86 2556 w,
112 2437 120 2482 l
142 2428 282 2507 Phaestii
302 2441 355 2507 rel
377 2439 508 2508 Phaesti
533 2459 647 2507 nomen
668 2439 794 2505 videtur
816 2458 854 2505 ex
879 2440 984 2521 oppidi
1003 2439 1096 2519 illius
1118 2442 1238 2506 nomine

110 2548 113 2556 '
142 2554 336 2633 corruptum,
359 2549 510 2616 Dosiades
533 2555 641 2615 autem
663 2554 714 2615 est
735 2548 902 2615 historicus
925 2567 1018 2628 quem
1043 2548 1235 2615 laudatllio·

142 2658 237 2723 dorus
247 2657 274 2723 V
286 2662 327 2722 80
338 2678 401 2724 una
412 2678 484 2723 cum
496 2658 681 2740 Epimenide
694 2662 856 2723 auctorem
867 2657 1017 2724 historiae
1032 2655 1196 2727 Cretensis
1205 2659 1238 2740 ⁴).

140 2766 317 2833 Verisimile
345 2773 394 2833 est
416 2769 513 2833 alium
534 2766 718 2834 historicum
741 2767 821 2832 alius
848 2770 988 2848 patrem,
1022 2766 1237 2848 Epimeniden

139 2873 285 2940 Dosiadis
296 2873 396 2938 filium
408 2881 552 2941 vocatum
563 2858 648 2953 essel,
663 2874 809 2941 Forsitan
821 2874 917 2940 etiam
930 2875 1101 2955 Agesarchi
1113 2893 1242 2952 nomen,

141 2983 334 3062 quodunum
349 2988 457 3063 restat,
480 2983 641 3047 inventum
658 2984 709 3049 sit.
735 2978 1101 3093 [MatremPlutarchus
1122 2985 1154 3048 in
1178 2987 1249 3053 vita

139 3091 262 3158 Solonis
283 3091 412 3170 Balten,
441 3089 553 3155 Suidas
574 3090 720 3170 Blasten,
753 3088 894 3156 Eudocia
921 3090 1064 3156 Blaisten
1087 3095 1253 3174 appellat,

138 3201 222 3266 idem
255 3201 404 3267 nimirum
433 3217 545 3264 nomen
572 3202 627 3266 sed
657 3199 753 3266 variis
781 3200 881 3266 modis
913 3186 1126 3300 corruptum!
1149 3201 1253 3279 Quae

24 3345 26 3348 ν
138 3310 487 3394 deniqueaPlutarcho
499 3310 638 3375 traditur
647 3308 765 3390 fabula,
789 3327 859 3375 eam
875 3308 1049 3393 nympham
1062 3308 1171 3391 luisse,
1185 3311 1258 3408 ant

880 3403 1020 3426 w

237 3509 263 3579 1)
280 3508 389 3563 Diodor
406 3508 431 3563 V
451 3510 509 3563 'lssa

236 3605 263 3676 2)
283 3605 411 3675 Bursian,
429 3591 605 3675 Geographie
621 3620 647 3660 v.
666 3602 920 3659 Grieohenland.11
940 3605 1002 3660 567.

238 3703 266 3772 3)
284 3701 380 3756 Hoeck
398 3700 439 3756 19
457 3704 507 3754 not
525 3718 560 3755 m.
579 3700 632 3757 hac
654 3700 685 3754 in
707 3717 737 3755 re
762 3701 853 3755 minus
876 3700 1010 3772 oppidum
1033 3699 1135 3755 maiori
1157 3719 1241 3771 prae·

136 3797 280 3854 ferendum
299 3815 357 3853 esse
375 3797 511 3854 concedit.
546 3796 708 3852 Phaestinm
726 3797 872 3851 nominant
891 3797 1085 3867 Epimenidem
1116 3798 1237 3853 Bursian

138 3896 158 3951 l.
169 3913 192 3951 c.
212 3895 245 3951 K.
262 3893 529 3959 0.Mu11er,1)0rier
546 3895 633 3950 1208.
651 3892 746 3964 Pauly,
764 3893 1047 3964 Realencyclopaedie
1065 3893 1106 3948 Ill
1125 3913 1153 3964 p.
1176 3897 1235 3950 192.

138 3995 214 4047 1844.
233 3985 290 4049 alii.

147 4082 150 4087 ’
240 4090 269 4160 4)
287 4088 366 4144 Alios
384 4087 507 4144 eiusdem
524 4086 645 4144 nominis
663 4088 742 4159 ,viror
763 4089 910 4144 enumerat
923 4086 1024 4141 ldirller
1041 4085 1074 4140 F.
1084 4085 1119 4140 Η.
1132 4085 1164 4142 G.
1183 4086 1233 4142 IV.

132 4205 161 4259 p.
178 4188 241 4243 399.
