2724 4650
575 310 698 362 '41

138 480 270 551 Abeunti
291 488 397 550 autem
419 484 550 550 tradunt
572 485 677 551 Laert.
699 483 791 578 Diog3
812 483 897 548 llll
912 487 945 548 et
966 481 1105 548 Eudocia
1127 500 1157 563 p.
1173 484 1232 544 150
1285 523 1288 530 ,

141 594 176 659 ab
197 593 444 660 Atheniensibus
470 593 624 659 talentum
655 600 688 658 et
714 611 824 657 navem
850 609 913 672 qua
936 591 1102 657 veheretur
1124 591 1232 655 oblata
1285 534 1300 688 1

138 719 222 785 esse,
256 703 347 768 illum
375 704 456 768 dona
486 701 542 767 sibi
565 701 685 767 tributa
708 705 929 781 aspernantem
951 699 1084 788 foederis
1117 699 1233 764 civium
1299 689 1307 779 1

139 828 268 877 suorum
299 829 370 877 cum
383 811 624 876 Atheniensibus
645 815 806 875 auctorem
827 808 931 874 fuisse.
963 807 1051 884 Quod
1073 809 1100 872 si
1122 826 1234 873 revera

135 917 255 986 lectum
280 927 336 998 est,
360 920 475 995 scimus
498 922 609 999 postea
630 936 690 983 non
714 918 817 998 magni
841 918 989 982 momenti
1010 914 1116 980 fuisse.
1151 893 1231 1015 [Plu-

134 1011 265 1093 tarchus
285 1034 393 1094 contra
415 1029 447 1093 in
471 1026 585 1092 Solone
608 1032 640 1093 et
659 1027 691 1091 in
713 1023 890 1109 praeceptis
911 1023 1103 1106 reipublicae
1123 1041 1232 1104 geren·
1254 994 1260 1108 1

130 1136 193 1201 dae
204 1140 254 1215 27,
273 1135 428 1216 Slaudet,
451 1154 523 1201 eum
545 1155 669 1200 ramum
692 1136 917 1200 tautumoleae
938 1152 1057 1212 sacrae,
1081 1151 1162 1214 quae
1184 1136 1234 1196 est
1259 1119 1265 1148 ¹*

126 1242 163 1310 in
185 1263 397 1325 amarorum
420 1245 451 1309 in
474 1245 600 1310 Cretam
622 1245 742 1312 tulisse.

233 1353 404 1430 Quaerenti
428 1355 525 1436 igitur
548 1354 638 1434 mihi,
671 1354 746 1435 quid
766 1353 980 1437 Epimenidem
1004 1352 1136 1418 Athenis
1158 1368 1232 1432 per-

132 1460 243 1530 fecisse
265 1468 411 1529 auctores
432 1465 536 1528 minus
561 1463 670 1529 incerti
691 1462 836 1544 tradant,
868 1463 946 1527 nihil
975 1480 1042 1527 esse
1061 1446 1232 1526 'concedes’

138 1589 192 1637 our
214 1573 247 1638 in
269 1572 429 1656 republica
453 1572 671 1640 constituenda
691 1591 763 1638 eum
777 1573 882 1654 plura
910 1576 1057 1654 putemus
1084 1569 1233 1650 effecisse,

138 1697 230 1761 quam
253 1683 465 1748 necessarium
489 1687 538 1749 est
560 1700 631 1747 eum
656 1680 769 1765 facere,
791 1682 878 1746 cuius
900 1680 1099 1747 institutaad
1112 1681 1232 1744 cultum

142 1790 271 1857 deorum
296 1792 464 1871 pertinent.
527 1790 620 1857 Hunc
646 1790 727 1855 enim
760 1795 869 1857 notum
899 1795 947 1854 est
977 1788 1061 1870 apud
1094 1787 1231 1854 Graecos

139 1899 244 1965 multis
266 1898 359 1964 rebus
382 1917 452 1997 cum
474 1899 635 1991 republica
656 1900 856 1966 coniunctum
877 1897 982 1964 luisse.
1015 1897 1233 1964 Lustrationes

141 2014 246 2074 autem
268 2008 367 2074 nostri
390 2007 429 2072 ab
451 2009 504 2087 iis,
532 2027 613 2091 quae
644 2014 739 2075 antea
756 2014 789 2072 et
809 2013 920 2091 postea
940 2026 1002 2073 non
1025 2007 1064 2071 ab
1087 2006 1232 2088 Orphicis

138 2116 191 2184 sed
212 2114 253 2180 ab
276 2116 409 2181 aliorum
431 2117 559 2183 deorum
582 2118 797 2184 sacerdotibus
818 2116 935 2181 fiebant
956 2133 1019 2180 non
1040 2116 1234 2181 multumdi·

135 2241 248 2291 versae
269 2229 368 2290 erant.
422 2225 538 2291 Postea
565 2226 691 2292 demum
719 2245 789 2290 cum
816 2227 889 2291 novi
920 2235 1022 2291 mores
1049 2227 1078 2290 in
1101 2225 1234 2292 Graecia
1287 2293 1290 2299 ,

131 2332 376 2415 divulgarentur
396 2332 516 2399 factum
539 2338 596 2415 est,
618 2343 655 2400 ut
676 2336 812 2416 primum
836 2336 1040 2401 lustratorem
1056 2335 1153 2400 talem
1175 2334 1233 2400 sibi

128 2443 272 2524 quisque
292 2442 434 2525 fingeret,
456 2444 559 2525 qualis
581 2445 647 2526 ipse
671 2449 748 2509 erat.

238 2601 266 2683 ς.
281 2605 308 2666 7.
350 2603 464 2682 Itaque
485 2621 556 2668 oum
569 2603 709 2670 Athenas
731 2621 802 2668 eum
820 2621 881 2668 non
903 2602 1095 2683 reipublicae
1117 2600 1234 2666 consti·
1263 2666 1265 2671 .

130 2710 276 2777 tuendae
302 2730 413 2793 causa,
446 2718 482 2777 ut
508 2715 596 2778 novis
624 2712 736 2779 ritibus
764 2714 913 2795 populum
945 2729 1096 2797 novarum
1128 2720 1233 2775 rerum

140 2819 318 2886 studiosum
341 2826 507 2902 coerceret,
542 2823 597 2888 sed
619 2821 778 2902 religionis
811 2839 905 2888 cause
928 2814 1233 2899 audiamusren'isse,

132 2945 200 2994 non
221 2927 295 2994 licet
317 2929 410 2994 aliter
418 2929 1172 3035 QQQRQPAEffl-Jflhfflufflfflffir
1186 2929 1235 2992 ¹de

143 3036 256 3117 quibus
287 3054 447 3118 perpauca
472 3042 599 3104 tantum
628 3041 753 3106 scimus.
803 3039 929 3105 Timeas
958 3038 1040 3105 euim
1063 3056 1102 3102 ne
1124 3039 1155 3101 in
1176 3038 1235 3104 hac
1344 3124 1347 3130 Ι

144 3144 292 3212 historiae
315 3150 407 3227 parte
428 3158 596 3230 postquam
611 3149 649 3212 ab
663 3148 946 3214 Alexandrinorum
958 3149 1144 3228 scriptorum
1164 3164 1235 3212 con·

139 3253 265 3320 lecturis
287 3253 386 3346 libera
408 3273 508 3335 usque
536 3257 576 3320 ad
599 3256 752 3322 Nitzschii
774 3263 806 3321 et
832 3256 977 3322 Urlicbsii
1006 3273 1097 3321 curas
1127 3256 1236 3335 ignota

141 3361 205 3428 sere
227 3349 359 3446 iacuit1)
383 3365 573 3430 nostratium
592 3384 688 3446 opera
708 3366 926 3431 historicorum
947 3384 968 3444 e
989 3364 1129 3445 parvulis
1151 3363 1235 3443 frag·

147 3471 260 3537 mentis
281 3489 396 3553 magna
426 3473 516 3552 qnasi
540 3473 649 3538 tabula
680 3475 877 3551 restituatur,
910 3473 942 3535 in
974 3491 1038 3554 qua
1059 3471 1235 3552 splendoris

142 3579 328 3662 plurimum,
359 3582 426 3646 veri
454 3581 531 3648 fides
560 3600 621 3646 uon
651 3581 701 3648 sit.
744 3582 852 3646 Malim
873 3585 980 3650 autem
1001 3586 1128 3647 tenuem
1152 3579 1235 3645 viam

141 3687 205 3754 sed·
218 3709 290 3756 eam
313 3695 430 3756 certam
450 3692 583 3773 munire,
607 3709 702 3772 quam
724 3691 896 3772 legentium
911 3691 1031 3755 animos
1050 3689 1235 3755 coniecturis

148 3799 288 3878 quamvis
310 3795 421 3881 lepidis
444 3807 476 3867 et
495 3802 617 3884 argutis
638 3801 805 3879 delectare,
826 3819 865 3866 ne
887 3801 920 3865 iu
943 3800 1033 3866 devia
1055 3798 1169 3865 itinera
1181 3815 1234 3865 eos

241 4101 268 4171 1)
286 4101 402 4157 Praeter
418 4064 469 4158 hds
487 4101 607 4158 maxime
625 4102 660 4157 de
687 4102 732 4156 his
755 4103 839 4158 rebus
858 4104 975 4171 egerunt
992 4100 1130 4162 Duncker,
1151 4098 1229 4154 Stein

145 4191 173 4249 ll.
183 4213 221 4253 oo.
238 4196 362 4268 Sohdfer,
379 4199 414 4254 de
431 4200 543 4269 ephoris
556 4198 836 4256 Lacedaemoniorum
857 4198 1061 4254 commentatio.
1082 4198 1159 4252 1863.
