2724 4650
740 317 775 371 36

212 489 436 571 praebebant«.
501 486 674 553 Horridum
707 487 940 569 barbarumque
974 495 1138 569 aspectum
1156 558 1159 565 ,
1176 488 1304 556 femina·

210 617 282 663 rum
302 616 365 663 non
387 581 563 661 minusad
595 596 745 674 exequias
774 601 806 660 et
834 595 920 662 iusta
947 594 1093 661 funebria
1119 597 1306 678 pertinuisse

211 708 277 772 veri
300 706 433 771 similius
464 704 500 769 ht
531 722 582 787 eu,
612 703 695 784 quod
724 704 903 770 Herodotus
934 704 1306 785 apud-‘Lffied-aemonios

208 819 319 880 narrat
349 817 552 908 SQ,‚,‚‚AQ33
581 817 654 893 post
670 806 927 894 ‘'mortem‘'r'egis
957 814 1040 878 idem
1071 809 1175 906 luobus
1207 832 1307 895 genus

110 910 163 1044 [stu
207 925 244 989 in
262 905 464 1000 ‘usu‘luisse,
492 922 576 1004 quod
604 922 700 1004 apud*
719 922 871 987 barbaros
903 907 1078 1022 inLAsial
1107 902 1214 1002 Atque
1236 941 1307 988 eum

80 1059 154 1128 sp
209 1032 291 1104 tales
306 1050 419 1112 *mores
451 1030 546 1095 etiam
573 1029 704 1094 Athenis
734 1031 892 1112 vigerent,
921 1019 1046 1113 Solonl)
1072 1031 1159 1097 illam
1180 1031 1211 1094 in
1235 1049 1306 1096 exe·

123 1191 125 1194 .
211 1142 293 1221 quiis
314 1145 348 1205 et
368 1139 478 1206 diebus
500 1139 589 1204 festis
610 1139 885 1219 intemperantiam
907 1140 1030 1221 legibus
1056 1139 1191 1205 vetabat.
1238 1139 1306 1216 Quo

176 799 178 811 l

176 815 177 823 l

175 827 177 842 l

76 1259 125 1407 o's‘]
210 1249 241 1313 in
276 1236 391 1330 genere
415 1246 604 1312 Plutarchus
630 1266 698 1329 cap.
725 1250 762 1310 12
784 1247 861 1313 dicit
891 1249 957 1314 eius
990 1248 1076 1330 leges
1097 1253 1307 1330 praeparatas

30 1387 34 1394 ι
114 1415 116 1417 ,
209 1376 277 1424 esse
298 1358 395 1424 saeris
416 1356 455 1422 ab
467 1356 649 1438 Epimenide
670 1357 832 1423 institutis.
873 1356 994 1423 Luctus
1006 1359 1213 1440 superstitum
1235 1364 1308 1439 post

208 1467 456 1533 necessariorum
478 1471 612 1531 mortem
624 1471 820 1547 temperatur
831 1467 1032 1533 ueneratione
1049 1465 1221 1533 inferomm
1232 1468 1308 1534 deo·

210 1594 290 1641 rum.
334 1574 456 1641 Cereris
479 1573 604 1655 quidem
626 1576 729 1640 cultus
751 1575 883 1641 Athenis
905 1583 1052 1657 receptus
1074 1581 1143 1642 erat
1163 1579 1308 1658 tempore

210 1684 435 1766 migrationum
455 1685 666 1765 antiquarum,
692 1683 747 1749 sed
768 1682 824 1748 illa
846 1682 1056 1750 confusarum
1069 1688 1185 1764 eadea,
1209 1702 1307 1764 quam

209 1790 610 1873 GephyraeiTanagrenses
622 1791 745 1854 nomine
755 1779 887 1870 Ἀχαιᾶς
901 1789 932 1853 in
946 1789 1306 1881 urbemtranstulerant.

143 1987 146 1993 .
211 1899 278 1966 Nee
300 1904 426 1981 poterat
449 1918 487 1965 ea
509 1898 620 1980 religio
641 1916 728 1979 spem
750 1899 890 1964 melioris
913 1900 998 1964 vitae
1020 1903 1092 1981 post
1110 1904 1246 1965 mortem
1258 1899 1305 1963 fu·

210 2011 302 2074 turae
334 2009 486 2087 exaitare,
514 2019 585 2073 eum
618 2008 765 2073 mulieres
796 1973 1045 2106 Thefmophoria
1077 2012 1208 2090 agentes
1236 2026 1306 2073 enm

105 2101 106 2104 ¹
210 2118 359 2198 squalore
383 2117 529 2183 lamentis
551 2116 702 2195 luctuque
724 2114 810 2180 humi
829 2115 969 2190 ‚iacentes
991 2117 1107 2181 ieiunia
1129 2122 1263 2198 agerent
1274 2120 1306 2181 et

214 2245 285 2292 oum
309 2225 422 2292 Cerere
443 2224 665 2306 Proserpinam
685 2224 717 2287 in
742 2225 859 2290 Orcum
882 2224 1044 2306 dereptam
1066 2225 1304 2305 complorarent

208 2335 278 2413 Qua
298 2336 522 2402 consuetudine
545 2353 584 2400 ne
604 2352 708 2399 mores
727 2334 757 2397 in
775 2332 936 2398 hominum
947 2333 1087 2415 exequiis
1097 2331 1304 2399 efferarentur

206 2446 309 2525 prisea
324 2437 446 2510 Cereris
468 2443 578 2525 religio
600 2443 790 2508 auctoritate
810 2459 910 2506 novae
934 2444 1130 2508 attenuanda
1149 2449 1230 2524 erat,
1252 2460 1304 2508 eu·

206 2551 256 2617 ius
289 2551 398 2634 gloria·
421 2537 497 2618 tune
530 2550 678 2616 Eleusine
710 2550 950 2631 divulgabatur,
982 2552 1036 2616 de·
1052 2569 1115 2632 qua
1134 2550 1304 2616 Pindarus

208 2659 249 2725 fr.
267 2664 325 2724 102
348 2660 514 2743 (Boeekhh

356 2782 359 2788 “
398 2768 527 2848 Ὄλβιος
546 2762 638 2844 ὅστις
658 2761 762 2860 ἰδώνΙ

330 2877 407 2941 κεῖν’
431 2867 491 2942 εἶσ’
519 2870 584 2941 ὑπὸ
606 2869 717 2956 χθόν’·
738 2865 807 2939 οἶδε
829 2871 888 2956 μὲν
908 2872 983 2953 βίου
1004 2868 1165 2954 τελευτάν,

304 3071 307 3077 Ι
534 2974 622 3048 οἶδεν
643 2980 679 3047 δὲ
702 2977 870 3058 ὄιόςδοτον
891 2972 999 3064 ἀρχάν.

306 3092 449 3159 Eandem
465 3092 518 3157 alii
530 3090 643 3157 Graeci
663 3091 832 3170 scriptores
846 3092 957 3157 multis
968 3091 1113 3158 laudibus
1126 3090 1304 3178 effamur).

207 3203 267 3269 Sed
284 3188 368 3267 haee
378 3202 441 3268 dea
455 3220 527 3266 oum
542 3200 582 3264 ad
597 3200 628 3264 id
647 3204 773 3279 tempus
792 3218 917 3265 sacrum
932 3199 1065 3265 Athenis
1086 3218 1148 3265 non
1163 3202 1306 3287 haberet,

137 3345 139 3350 ·
208 3329 271 3394 quo
282 3313 382 3393 magis
395 3322 450 3393 spe
462 3312 546 3376 vitae
558 3308 695 3376 melioris
710 3309 948 3375 Atheniensium
963 3309 1059 3375 animi
1074 3311 1306 3395 mitigarentur,

207 3422 344 3487 alterum
368 3421 588 3504 mysteriorum
599 3419 753 3499 templum
764 3417 866 3498 Agris,
888 3418 920 3483 in
940 3420 1305 3499 ipsaurbeoondendum

163 3518 166 3525 ’
210 3534 290 3604 erat'
310 3531 344 3595 in
366 3547 427 3610 quo
449 3533 559 3611 postea
589 3545 690 3608 parua
720 3529 871 3609 mysteria
902 3526 1028 3594 fiebant.
1068 3527 1138 3594 Hoc
1160 3529 1305 3597 instituto

208 3639 382 3727 Mommsen
400 3638 499 3705 eredit
510 3636 755 3703 Atheniensibus
772 3635 943 3701 faciliorem
957 3636 1079 3702 aditum
1098 3636 1138 3702 ad
1153 3640 1305 3720 mysteria

206 3745 451 3830 abEpimenide
472 3745 591 3812 factum
619 3763 701 3824 esse,
735 3763 791 3810 nee
818 3744 899 3809 tanti
931 3745 1003 3809 inde
1026 3743 1065 3810 ab
1087 3745 1141 3811 illo
1161 3752 1303 3830 tempore

206 3846 459 3939 Thesmophoria
480 3856 630 3923 momenti
654 3855 758 3921 fuisse.
1209 3861 1213 3869 ’

306 4090 334 4160 ll
345 4089 424 4163 Aba
444 4088 537 4161 aaron·
556 4106 615 4159 sap.
634 4091 676 4144 21·

305 4188 335 4258 2)
352 4186 507 4242 Sohbmann
527 4185 554 4240 ΙΙ
567 4186 619 4241 395
631 4203 672 4255 sq.
689 4268 691 4272 7
709 4184 844 4240 Weleker.
863 4185 950 4239 H519
962 4201 1002 4253 sq.
