2708 4636
656 313 689 366 12

126 487 323 572 Cyzicenum,
349 486 402 567 qui
422 486 511 554 initio
531 486 658 552 secundi
679 506 708 553 a.
733 486 767 554 (l.
788 505 817 551 n.
840 486 957 554 saeculi
981 485 1059 569 napi
1081 485 1223 552 τελετῶν

124 597 249 680 scripsit
257 651 258 655 ,
266 599 299 661 et
309 595 509 662 Polemonem
520 597 667 662 lliensem
680 594 715 660 ἐν
728 599 800 674 ταῖς
811 593 897 680 πρὸς
911 590 1067 683 ΝεάνθηνΙ
1077 588 1223 681 ἀντιγρα-

123 709 213 793 φαῖς.
256 685 364 772 Cicero
385 711 529 771 nostrum
557 705 605 770 bis
627 707 782 785 nominat,
810 706 967 772 Diodorus
988 706 1111 772 Siculus
1133 705 1161 772 V
1180 709 1221 770 80

124 836 159 883 se
179 816 258 882 libro
280 816 321 882 ab
344 815 528 897 Epimenide
551 817 668 899 scripto
691 834 784 882 usum
805 833 875 882 esse
895 813 1070 897 profitetur.
1102 815 1223 880 Locum

124 926 315 1009 Theopompi
335 929 509 1009 excerpunt
530 926 725 1010 Apollonius,
755 925 841 991 initio
865 924 1014 991 historiae
1036 925 1222 991 commenti-

123 1038 190 1104 ciae
198 1036 221 1120 ¹)
251 1035 395 1103 Valerius
421 1036 578 1102 Maximus
599 1036 676 1101 VIII
690 1039 737 1116 13,
754 1039 781 1114 5,
810 1035 930 1101 Plinius
958 1034 1032 1102 Nat.
1063 1034 1136 1100 hist.
1157 1034 1221 1100 VH

125 1144 219 1228 §154
240 1150 280 1224 et,
300 1148 366 1226 175,
388 1163 581 1229 quamquam
604 1148 708 1229 priore
730 1149 854 1212 tantum
877 1145 945 1211 loco
969 1145 1000 1211 id
1014 1144 1117 1210 verbis
1135 1143 1222 1210 dicit.

124 1253 266 1321 Strabo
287 1255 319 1319 in
342 1254 560 1338 geographicis
581 1255 652 1334 X4,
669 1259 717 1320 14.
739 1274 770 1338 ρ,
781 1258 842 1319 479
859 1252 892 1320 0.
914 1253 948 1319 in
969 1253 1090 1320 insulae
1108 1253 1225 1320 Cretae

123 1363 332 1445 descriptione
363 1366 502 1448 patrium
535 1366 636 1432 nostri
676 1366 824 1447 oppidum
861 1363 1035 1431 Phaestum
1070 1363 1224 1445 appellat.

125 1473 313 1540 Strabonem
346 1473 426 1540 libro
457 1475 604 1540 VHI—ii
630 1475 775 1558 plurimis
805 1475 901 1554 loeis,
934 1474 1112 1554 ubicunque
1156 1491 1220 1539 non

124 1582 287 1665 Ephorum
312 1589 344 1650 et
371 1584 607 1651 Artemidorum
635 1585 778 1666 sequitur
808 1589 865 1650 aut
894 1585 962 1667 ipse
991 1582 1109 1666 aliquid
1132 1581 1223 1663 vidit,

124 1693 326 1774 descripsisse
337 1694 597 1761 commentarium
607 1694 706 1773 illum,
720 1712 812 1776 quem
827 1693 1038 1775 Apollodorus
1049 1692 1081 1755 in
1093 1691 1225 1756 Homeri

124 1802 252 1879 navium
274 1803 455 1884 catalogum
472 1807 546 1868 ante
568 1822 686 1868 annum
707 1822 735 1869 a.
749 1802 780 1869 C.
793 1822 823 1868 n.
839 1804 897 1867 133
918 1801 1103 1884 composuit,
1125 1799 1225 1868 Niese

125 1909 357 1977 maximarum
391 1912 457 1976 veri
484 1911 586 1992 specie
619 1912 772 1994 exposuit.
815 1915 920 1992 Atque
942 1928 1012 1976 cum
1035 1916 1110 1975 ante
1134 1911 1224 1975 illam

125 2018 381 2100 enuntiationem,
406 2036 469 2099 qua
479 2019 694 2102 Epimenidem
709 2026 941 2099 commemorat,
965 2021 1074 2087 landet
1095 2038 1226 2086 versum

33 2193 35 2195 ,
125 2127 326 2194 Homericum
349 2128 384 2192 B.
397 2131 458 2192 648
476 2124 620 2194 Φαιστόν
640 2153 676 2195 re
696 2123 820 2195 ‘Pirria
834 2153 869 2194 τε
893 2135 925 2195 et
946 2132 1041 2211 paulo
1063 2134 1135 2211 post
1150 2148 1226 2195 oon-

124 2237 242 2302 sentiat
273 2255 344 2302 cum
376 2235 536 2319 Stephano
557 2238 710 2320 Byzantio
733 2260 757 2306 s.
783 2260 811 2306 v.
837 2233 993 2318 Φαιστός,
1028 2239 1122 2304 etiam
1147 2238 1225 2320 Epi-

127 2345 265 2412 menides
287 2347 355 2427 ipse
377 2345 416 2411 ab
439 2346 629 2435 Apollodoro
652 2348 776 2415 videtur
798 2349 976 2415 nominatus
999 2350 1127 2428 esse2).‘

226 2452 403 2520 Plurimum
426 2461 533 2522 autem
555 2457 662 2524 valent
683 2477 730 2538 ea,
762 2477 844 2540 quae
871 2457 1092 2525 Pausanias
1113 2459 1146 2523 in
1169 2456 1225 2522 de-

124 2563 294 2645 scriptione
307 2563 460 2631 Graeciae
480 2566 588 2645 tradit,
612 2585 681 2632 cnm
698 2568 784 2634 dicat
803 2567 842 2632 ad
864 2586 956 2633 suum
972 2585 1073 2648 usque
1095 2573 1224 2650 tempus

123 2674 257 2741 Athenis
271 2679 303 2740 et
314 2673 448 2755 Spartae
462 2680 674 2754 rnonumenta,
690 2677 722 2740 ln
734 2676 931 2757 Epimenidis
943 2675 1094 2742 honorem
1106 2681 1224 2759 erecta,

123 2788 249 2850 servata
269 2782 382 2864 fuisse,
410 2784 564 2864 equibus
594 2785 653 2851 hoc
675 2785 890 2866 potissimum,
913 2786 996 2867 quod
1020 2786 1104 2869 apud
1124 2786 1222 2853 Lace-

225 3037 251 3104 1)
270 3033 449 3104 Apollonium
471 3051 527 3088 non
549 3033 640 3103 ipsum
665 3033 837 3103 Theopompi
858 3036 962 3089 librum
980 3035 1094 3105 legisse,
1119 3036 1168 3090 sed
1187 3053 1223 3090 ex

124 3131 167 3202 iis,
186 3148 257 3200 quae
269 3131 352 3185 Bolus
368 3131 536 3192 Mendesius,
548 3128 729 3199 philosophus
739 3129 930 3200 Pythagoreus
940 3131 988 3200 qui
999 3131 1073 3185 idem
1082 3130 1224 3186 Democri·

123 3231 319 3295 transmeatur,
338 3231 401 3298 περὶ
412 3231 578 3298 θαυμασίων
588 3228 660 3280 testa
670 3225 755 3280 Suida
767 3227 888 3295 scripsit,
908 3245 957 3286 sua
968 3228 1101 3290 hausisse,
1114 3228 1224 3297 primus

123 3323 256 3394 cognovit
273 3323 376 3393 Keller,
396 3325 443 3393 qui
462 3322 577 3391 (Rerum
586 3322 762 3377 Naturalium
778 3325 873 3393 script.
885 3324 999 3380 Graeci..
1020 3323 1131 3393 Lipsiae
1144 3326 1222 3379 1877.

124 3419 178 3476 vol.
191 3419 204 3472 1
215 3438 241 3489 p.
252 3420 296 3490 43)
309 3422 462 3489 primorum.
473 3419 622 3474 verborum
633 3420 713 3489 signa
724 3419 764 3473 ita
774 3409 898 3489 disponit
905 3403 916 3475 :¹
930 3415 1036 3474 Βώλου·
1048 3417 1224 3492 Ἐπιμενίδης

124 3513 139 3570 ὁ
155 3511 230 3587 Κρής
247 3519 299 3569 etc.
325 3514 451 3570 Adnotat
469 3515 543 3569 enim
560 3532 585 3583 p¹
598 3514 712 3570 XLVIII
731 3514 833 3569 similes
852 3509 990 3585 genitivos
1009 3516 1131 3570 auctoris
1149 3517 1224 3586 apud

124 3609 273 3665 Stobaeum
292 3611 400 3679 saepius
422 3611 552 3664 inveniri.
587 3610 632 3665 Ad
655 3611 706 3664 hoc
728 3613 839 3679 tempus
863 3629 958 3666 omnes
980 3612 1105 3682 genitivo
1127 3606 1224 3667 Ballou

123 3711 232 3777 patrem
250 3707 424 3775 Epimenidis
442 3705 630 3778 significatum
643 3725 707 3761 ⁴esse
726 3706 864 3762 dicebant.

223 3804 251 3875 2)
271 3803 372 3858 Bened.
402 3805 494 3867 Niese,
523 3803 691 3873 Apollodors
721 3803 897 3857 Commentar
923 3822 985 3857 zum
1008 3804 1221 3878 Sehiffseatalog

124 3900 165 3956 als
183 3899 279 3967 Quelle
297 3899 420 3954 Strabos.
438 3899 535 3955 Rhein.
553 3899 623 3954 Mus.
643 3898 747 3953 XXXII
765 3917 792 3968 p.
810 3900 960 3954 aot-307.
980 3900 1099 3956 maxime
1119 3919 1147 3971 p.
1157 3903 1220 3958 279.

223 3995 367 4051 Strabonis
393 3996 478 4051 verba
503 3996 638 4051 describit
664 3995 841 4061 Eustatbius,
870 3996 901 4049 iu
919 3996 1046 4068 Dionysii
1073 3997 1150 4053 orbis
1175 3997 1221 4053 de-

124 4092 304 4162 scriptionem
326 4110 352 4147 v.
376 4093 418 4147 88.
443 4092 602 4162 Geographi
625 4091 724 4147 Graeci
749 4092 872 4148 minores
896 4092 939 4148 ed.
963 4092 992 4148 (l.
1016 4092 1117 4149 Miller
1140 4096 1220 4157 1861,

124 4189 150 4248 Π
170 4206 198 4264 p.
210 4190 263 4247 235
280 4193 309 4244 et
327 4188 362 4245 ad
380 4188 476 4246 Iliadis
494 4189 524 4244 B.
544 4191 604 4250 648Ι
624 4188 678 4260 (ed.
694 4187 806 4262 Lipsiae
824 4190 837 4248 Ι
855 4208 882 4263 p.
894 4191 955 4262 254,
967 4191 1020 4267 12).
