2724 4650
119 951 160 992 s

721 283 758 335 24

292 453 490 534 Quamquam
512 450 730 533 Epimenidem
745 451 933 518 'audivimus
954 455 1075 534 septem
1097 451 1287 533 sapientium

195 564 359 644 aequalem
382 562 555 627 iudicatum
575 578 643 627 esse
674 565 707 627 et
729 561 847 645 Cylonii
872 561 997 629 sceleris
1024 560 1171 643 expiandi
1193 579 1289 627 causa

192 673 281 754 iussu
308 669 426 775 aremuli
448 668 592 751 Delphici
614 669 755 734 Athenas
776 659 908 750 venisse,
930 674 1035 734 tamen
1056 669 1143 735 haud
1163 669 1226 733 scio
1249 685 1287 732 an
1335 704 1337 720 ‹

167 825 171 831 -
195 779 521 863 epistolographorum
532 778 697 858 Hermippi
708 777 873 843 Plutarchi
894 779 1012 843 incerta
1033 777 1207 844 auctoritas
1219 795 1289 843 con·

193 889 364 955 temnenda
385 891 485 968 esset,
498 886 534 952 ¹si
555 885 622 952 loco
635 885 779 954 Platonis
799 887 861 953 iam
883 886 1013 952 laudato
1021 885 1045 969 1)
1068 906 1143 953 uera
1166 886 1289 950 narrari

73 992 119 1055 (s
195 998 386 1064 uiderentur.
440 995 559 1060 Narrat
595 994 638 1060 ibi
671 993 786 1061 Clinias
818 994 909 1074 Cres,
950 996 1057 1062 decem
1092 995 1183 1062 annis
1218 996 1291 1059 ante

105 1183 108 1186 ⁴
184 1107 311 1195 xbellum
329 1103 491 1171 Persicum
503 1104 718 1186 Epimenidem
741 1103 841 1169 virum
864 1104 1003 1174 divinum
1014 1105 1157 1171 Athenas
1168 1104 1290 1170 venisse

196 1215 323 1282 consilio
351 1213 484 1294 oraculi,
518 1212 622 1294 ibique
643 1211 796 1279 sacrificia
825 1213 1026 1292 quaedama
1058 1212 1115 1279 deo
1142 1212 1291 1279 instituta

195 1323 313 1390 fecisse.
367 1321 511 1388 Eundem
548 1319 791 1387 Atheniensibus
828 1320 998 1388 Persarum
1038 1321 1191 1403 impetum
1227 1339 1290 1386 me·

195 1432 356 1501 tuentibus
377 1430 578 1513 praedixisse,
602 1429 710 1495 hostes
725 1434 799 1496 ante
818 1430 972 1496 decimum
994 1447 1112 1495 annum
1134 1448 1196 1495 non
1217 1447 1291 1495 ven-

195 1547 284 1609 turos
315 1558 397 1619 esse,
433 1539 460 1607 si
493 1546 599 1605 autem
629 1538 771 1604 futurum
804 1539 847 1605 sit
873 1544 909 1605 ut
934 1540 1077 1620 ueniant,
1110 1540 1181 1623 plus
1215 1538 1293 1606 mali

197 1667 347 1733 passuros
370 1636 466 1729 quam
486 1649 625 1714 facturos
646 1666 722 1714 esse.
749 1648 845 1715 Addit
866 1668 903 1715 eo
925 1653 1068 1731 tempore
1091 1648 1199 1715 Cretes
1220 1667 1292 1714 cum

197 1758 443 1825 Atheniensibus
473 1757 644 1840 hospitium
677 1757 816 1823 iunxisse
847 1762 879 1824 et
906 1758 1076 1824 amicitiam
1106 1758 1195 1824 illam
1227 1777 1292 1825 ser·

197 1857 348 1951 cavisse.)
383 1866 477 1931 Initio
509 1865 574 1932 dixi
619 1869 704 1931 recte
735 1865 889 1931 Zellerum
927 1866 1068 1946 aliosque
1099 1869 1293 1949 exposuisse,

36 2046 38 2060 ¹
198 1976 364 2041 Platonem
386 1973 490 2041 facere
500 1975 718 2057 Epimenidem
729 1973 870 2040 Athenas
884 1973 1060 2041 venientem
1074 1975 1180 2042 decem
1202 1976 1293 2064 annis

71 2065 143 2147 'f
198 2089 272 2149 ante
305 2101 400 2163 quam
430 2084 548 2149 Persae
582 2081 721 2147 Atticam
754 2081 1014 2164 aggrederentur,
1050 2083 1082 2147 id
1114 2084 1198 2163 quod
1229 2082 1292 2150 fac-

198 2199 266 2259 tum
298 2196 347 2259 est
373 2209 488 2273 pugna
508 2188 715 2254 Marathonia.
766 2187 854 2265 Quae
883 2207 953 2254 cum
985 2206 1093 2255 mense
1124 2191 1293 2273 septembri

202 2301 275 2367 anni
300 2305 361 2365 490
385 2299 551 2367 commissa
573 2298 624 2380 sit,
646 2297 770 2364 duobus
795 2300 887 2365 annis
919 2302 992 2365 ante
1012 2297 1198 2365 'Mardonius
1224 2319 1293 2382 pro-

86 2423 90 2426 ·
200 2409 301 2477 lectus
325 2414 373 2476 est
394 2412 465 2490 492,
493 2408 613 2474 duobus
632 2411 737 2474 autem
762 2413 837 2474 ante
863 2408 945 2473 hunc
970 2409 1060 2474 annis
1089 2407 1219 2475 Miletus
1242 2429 1294 2476 ex·

198 2523 342 2600 pugnata
363 2521 433 2585 494.
474 2516 562 2583 Idem
584 2514 703 2583 iactum
725 2522 773 2583 est
795 2521 883 2582 sexto
906 2518 1062 2583 tumultus
1079 2516 1175 2583 Ionici
1198 2536 1293 2584 anno:

200 2645 264 2708 qua
276 2646 311 2691 re
325 2645 407 2693 anno
419 2631 481 2691 499
493 2626 609 2692 bellum
620 2625 697 2691 illud
719 2628 824 2690 ortum
847 2643 915 2692 esse
936 2629 1068 2691 constat.
1090 2625 1295 2692 Athenienses

198 2736 295 2818 igitur
330 2754 392 2801 non
425 2735 562 2801 dicemus
593 2734 711 2801 bellum
732 2735 895 2801 Persicum
926 2735 1070 2801 timuisse
1102 2739 1176 2800 ante
1200 2733 1295 2801 finem

200 2846 273 2911 anni
294 2849 366 2925 099,
387 2848 554 2926 postquam
567 2841 718 2908 Sardibus
741 2842 930 2938 expugnatis
951 2844 1058 2925 copiae
1080 2861 1188 2909 eorum
1210 2843 1296 2926 apud

200 2954 362 3036 Ephesum
385 2951 527 3018 devictae
548 2956 647 3017 erant.
680 2952 783 3036 Antea
803 2952 885 3016 enim
906 2953 932 3018 si
954 2953 1056 3019 timidi
1067 2951 1209 3035 luissent,
1233 2971 1296 3019 non

200 3063 405 3144 Aristagorae
438 3062 559 3142 petenti
584 3060 693 3142 viginti
720 3079 817 3127 naves
845 3062 1054 3146 dedissent2),
1073 3091 1075 3097 v
1095 3080 1174 3142 quas
1207 3063 1298 3128 clade

199 3176 330 3254 accepta
352 3170 436 3236 domi
464 3170 651 3235 retinebant.
693 3170 761 3236 Hoc
784 3169 903 3236 factum
936 3177 984 3237 est
1014 3172 1071 3237 sub
1102 3171 1194 3237 finem
1222 3174 1299 3238 anni

201 3285 275 3346 ante
311 3297 452 3362 pugnam
472 3277 706 3345 Marathoniam
729 3279 851 3344 decimi.
893 3279 942 3344 Ab
964 3299 1000 3346 eo
1027 3284 1134 3346 autem
1156 3284 1299 3363 tempore

198 3407 260 3455 non
282 3388 466 3456 crediderim
491 3407 544 3454 eos
565 3387 737 3470 hospitium
766 3393 799 3455 et
831 3390 1001 3456 amicitiam
1030 3408 1100 3455 cum
1124 3388 1232 3471 aliqua
1254 3391 1297 3455 ei·

200 3499 301 3566 vitate
323 3498 471 3578 iunxisse,
493 3497 552 3562 nisi
572 3499 725 3580 promisso
753 3498 861 3565 eodem
885 3504 1026 3581 tempore
1047 3497 1164 3564 auxilio
1187 3503 1298 3566 eontra

203 3608 336 3687 Persas,
363 3606 447 3690 quod
472 3604 581 3673 Cretes
601 3613 676 3673 ante
696 3608 867 3673 secundum
898 3606 1017 3673 bellum
1041 3606 1201 3673 Persicum
1234 3625 1298 3672 non

203 3717 398 3795 dederunto.
430 3716 496 3782 Nec
516 3717 615 3782 solum
627 3716 769 3783 Platonis
790 3717 876 3783 locus
890 3701 948 3798 per
959 3717 1068 3798 seipse
1088 3717 1297 3799 suspicionem

300 3960 326 4030 1)
345 3960 400 4029 leg.
421 3957 505 4014 1642
517 3957 551 4013 D.
566 3958 631 4015 vide
649 3959 751 4029 pbaq.

298 4057 326 4127 2)
344 4055 470 4111 Herodot
488 4056 556 4111 V97
575 4059 604 4111 et
622 4059 681 4114 108.

301 4153 329 4223 3)
348 4152 472 4208 Herodot
489 4152 592 4210 Vnae.
